2484 3950
218 339 249 386 46
485 336 516 389 D.
539 336 632 386 IUNII
652 335 841 388 IUVENALIS

217 481 274 537 Hie
288 474 360 554 petit
374 482 538 555 Euphraten
552 481 661 539 iuvenis
675 481 829 555 domitique
844 483 945 539 Batavi

217 578 345 636 custodes
358 579 474 652 aquilas,
490 578 575 635 armis
588 578 760 636 industrius:
783 584 813 635 et
827 585 860 636 tu

217 676 256 732 nil
270 677 325 734 nisi
340 676 504 750 Cecropides
518 682 671 750 tmnooque
685 676 843 734 simillimus
858 677 980 735 Hermae

216 773 293 830 nullo
307 775 409 847 quippe
424 775 478 831 alio
492 774 581 831 vineis
594 774 760 845 discrimine,
777 792 861 847 quam
875 775 949 847 quod

215 871 257 928 illi
271 890 455 929 marmoreum
470 876 554 944 eaput
568 876 619 944 est,
637 877 687 928 tua
699 873 772 928 vivit
786 873 895 945 imago
1091 900 1114 938 55

216 1059 335 1111 so-7o.-
342 1061 404 1110 Who
414 1064 501 1111 selues
511 1078 528 1111 a
539 1063 608 1111 horse
618 1064 712 1126 simply
729 1065 825 1113 herasme
836 1066 865 1127 of
877 1066 910 1113 its
927 1069 1046 1126 enemim,
1060 1065 1087 1126 if
1093 1065 1115 1112 e't

279 1154 351 1188 euenor
362 1141 425 1188 wius
435 1155 453 1188 a
463 1155 519 1189 ruse
531 1156 559 1188 or
569 1142 644 1203 peior
654 1157 671 1188 u
678 1143 767 1203 prise?
783 1143 805 1190 is
816 1143 840 1191 is
849 1142 903 1190 sold
914 1147 937 1190 to
948 1146 1010 1191 turn
1020 1157 1037 1189 u
1047 1141 1113 1190 mill.

215 1255 270 1312 Die
282 1254 360 1327 mihi,
376 1255 543 1313 Teucrorum
557 1256 656 1328 proles,
672 1257 807 1314 unimodis
816 1261 896 1314 muta

214 1353 277 1424 quis
290 1370 421 1425 generose
434 1358 523 1426 putet,
539 1355 593 1410 nisi
607 1353 710 1411 fortiet
729 1372 828 1427 nempe
842 1354 981 1412 volucrem

214 1452 254 1507 sio
267 1450 412 1507 laudamus
427 1469 536 1524 equum,
552 1451 628 1508 facili
642 1453 686 1509 oui
700 1452 820 1524 plurime
833 1451 926 1526 palme

214 1547 304 1604 fervet
318 1552 347 1604 et
362 1547 486 1604 exsultat
499 1565 582 1604 raueo
597 1548 714 1605 victorio
727 1549 806 1608 oireo.

215 1644 325 1701 Nobilis
339 1644 392 1712 hio,
408 1663 571 1718 quoeunque
586 1646 664 1702 venit
678 1646 712 1703 de
725 1647 857 1721 gramine,
874 1649 952 1704 ouius
1089 1665 1113 1704 ⁶0

214 1741 288 1799 clare
301 1743 368 1815 fuge
381 1747 446 1799 ente
460 1742 529 1799 alios
543 1748 572 1799 et
584 1742 692 1815 primus
706 1743 735 1800 in
749 1762 866 1817 aequore
880 1743 989 1817 pulvis:

213 1840 262 1897 sed
276 1840 373 1897 venale
387 1857 470 1912 pecus
484 1839 639 1912 Coryphaei
653 1841 801 1912 posteritas
815 1847 844 1898 et

215 1936 335 2010 Hirpini,
352 1937 376 1994 si
390 1955 452 1994 reru
465 1937 530 2009 iugo
544 1937 661 1994 victorie
674 1937 754 1997 sedit.

214 2034 264 2091 Nil
277 2035 317 2091 ibi
331 2035 467 2092 maiorum
481 2039 630 2108 respectus,
646 2037 736 2108 gretie
749 2036 827 2093 nulle

213 2133 391 2192 umbrarum:
412 2132 538 2189 dominos
552 2133 650 2205 pretiis
664 2139 772 2192 mutere
787 2135 918 2192 iubentur
1087 2154 1112 2202 σς

212 2230 327 2302 exiguis,
345 2230 412 2287 trito
426 2230 533 2287 ducunt
547 2231 669 2303 epiredia
682 2230 752 2288 eollo

211 2326 381 2400 segnipedes,
397 2327 528 2401 dignique
542 2328 646 2384 molam
660 2346 768 2385 versere
782 2333 904 2403 nepotes.

212 2425 286 2497 Ergo
299 2429 333 2482 ut
346 2425 478 2481 miremur
491 2429 528 2497 te,
545 2443 600 2481 non
615 2430 673 2497 tue,
690 2426 811 2498 primum
824 2427 930 2499 aliquid
944 2427 988 2498 da,

211 2523 285 2597 quod
299 2522 403 2596 possim
417 2522 509 2580 titsdis
523 2523 643 2580 incidere
657 2528 767 2597 praeter
780 2523 897 2582 honores

211 2640 280 2695 quos
294 2621 350 2678 iilis
364 2620 462 2678 demus
476 2625 506 2678 et
519 2620 655 2693 dedimus,
671 2621 774 2693 quibus
787 2623 880 2679 omnia
893 2622 985 2682 debes.
1086 2653 1113 2691 ,ο

211 2827 369 2877 uso-Do
384 2842 440 2889 you,
458 2827 580 2887 Ponticus,
595 2826 676 2874 choose
686 2841 704 2873 a
714 2826 798 2885 mehler
815 2826 848 2874 lot
854 2844 865 2885 ;
882 2827 913 2874 do
929 2841 995 2889 your
1010 2828 1072 2890 duty
1082 2843 1113 2877 as

275 2906 374 2965 soldier,
383 2905 470 2967 judee,
484 2919 513 2952 or
523 2904 620 2952 wduese
630 2923 638 2953 :
651 2903 737 2965 prefer
747 2902 821 2951 deute
831 2907 855 2962 to
865 2903 1009 2954 dirimemur.

252 3018 329 3075 Haeo
342 3018 411 3075 satis
425 3017 461 3073 sd
474 3017 611 3088 iuvenem,
627 3034 710 3090 quem
724 3016 803 3072 nobis
816 3016 891 3073 fame
904 3017 1054 3090 superbum

210 3116 297 3174 tradit
311 3121 340 3172 et
354 3116 483 3172 inflatum
497 3114 665 3188 plenumque
680 3114 790 3171 Nerone
804 3116 975 3188 propinquo:

209 3232 288 3271 rurus
302 3214 377 3270 enim
391 3212 477 3269 ferme
491 3231 587 3269 sensus
601 3213 755 3269 eommunis
769 3212 798 3267 in
812 3212 862 3268 ille

209 3311 328 3368 fortuna.
372 3308 428 3366 Sed
442 3314 471 3365 te
485 3310 588 3365 censeri
601 3308 684 3366 laude
698 3314 816 3377 tuorum,

210 3408 331 3477 Pontice,
347 3405 482 3462 noluerim
496 3406 541 3476 sie,
557 3410 590 3462 ut
604 3405 675 3462 nihil
688 3406 747 3479 ipse
760 3405 871 3462 futurae
1085 3434 1111 3471 75

249 3534 274 3575 67
287 3536 379 3585 nepotes
388 3533 412 3572 P.
423 3532 510 3582 nepotis
517 3543 538 3583 p.
550 3547 570 3571 a.
637 3534 662 3573 68
675 3533 772 3584 primum
780 3534 805 3575 P.
816 3549 836 3573 s.
848 3532 936 3585 privum
944 3532 1064 3574 Salmous.
