2484 3950
197 214 229 261 10
471 211 502 260 Ι).
524 204 827 261 luun'luvnunnls

197 361 307 413 aestuat
321 355 435 414 occultis
450 356 559 413 animus
573 373 734 428 semperque
749 354 892 411 tacendisl
1073 381 1098 417 50

197 453 226 509 N
227 454 247 509 ss
262 453 315 510 tibi
329 472 358 511 se
371 454 470 511 debere
484 458 574 527 putat,
590 453 631 509 nil
644 454 766 510 conferet
779 470 910 524 unquam,

197 551 358 624 participem
371 552 420 623 qui
434 557 463 608 te
477 553 575 609 secreti
588 552 655 608 fecit
668 551 794 608 honesti:

197 666 275 704 carus
289 648 342 705 erit
356 647 445 719 Verri,
461 649 511 720 qui
524 647 641 705 Verrem
656 655 786 720 tempore,
802 666 857 719 quo
870 648 941 716 vult,

196 763 321 802 accusare
336 750 435 817 potest.
481 746 566 802 Tanti
580 746 634 802 tibi
648 763 703 802 non
717 747 755 802 sit
769 745 847 817 opaci

196 843 284 898 omnis
298 860 382 899 arena
395 842 465 915 Tagi
478 843 606 915 quodque
620 843 650 899 in
664 861 740 900 mare
753 841 878 899 volvitur
891 860 998 911 aurum,
1072 869 1096 906 55

196 944 228 995 ut
242 957 337 996 somno
352 957 444 997 careas
457 940 638 1012 ponendaque
651 940 774 1012 praemia
787 958 881 996 sumas

196 1036 285 1093 tristis
300 1042 328 1094 et
343 1055 360 1093 a
372 1055 472 1109 magno
487 1056 595 1110 semper
608 1038 734 1095 timearis
748 1039 843 1096 amico.

196 1269 354 1317 salos-I
371 1274 459 1318 coarcat
481 1270 574 1318 caduce
596 1284 613 1317 a
634 1269 711 1317 Greek
730 1269 823 1326 Eoum
845 1268 898 1316 aad
919 1283 974 1316 aoso
996 1282 1032 1314 wc
1053 1282 1097 1314 arc

259 1346 357 1394 bartlcd
373 1348 455 1409 catos
470 1346 612 1408 coerytbiap
629 1347 659 1408 by
677 1346 773 1405 Greeks,
794 1347 848 1394 sobo
868 1360 912 1394 are
928 1360 954 1393 co
971 1344 1092 1401 versatile,

254 1423 392 1484 Μεινίῳ,
407 1424 459 1472 aad
472 1424 641 1485 hypocritical,
656 1424 709 1472 that
720 1439 762 1483 soe,
777 1423 831 1471 wlco
842 1423 919 1472 claim
930 1427 953 1470 to
969 1422 994 1470 bc
1006 1421 1095 1478 bonert,

259 1500 321 1548 dccc
331 1516 363 1548 no
374 1500 462 1550 clearscc
473 1502 573 1563 aqaiast
584 1502 656 1549 them.
728 1496 730 1503 ⁹

237 1620 314 1690 Quas
327 1637 401 1677 nunc
414 1620 549 1679 divitibus
563 1640 630 1694 gens
644 1622 836 1694 acceptissima
849 1622 951 1678 nostris

196 1725 224 1777 et
238 1738 307 1792 quos
321 1720 467 1792 praecipue
482 1720 595 1793 fugiam,
612 1721 764 1793 properabo
777 1720 867 1793 fateri,

194 1835 244 1873 nec
258 1818 346 1890 pudor
360 1816 491 1874 obstabit.
536 1817 602 1875 Non
616 1836 729 1891 possum
743 1819 822 1888 ferre,
840 1818 971 1888 Quirites,
1070 1834 1095 1873 so
1208 1834 1209 1849 ¹

195 1914 328 1974 Graecam
344 1914 456 1974 urbem:
479 1916 607 1989 quamvis
621 1921 708 1989 quota
720 1917 810 1989 portio
825 1916 908 1974 faecis
922 1915 1045 1971 Achaeil

195 2012 376 2086 Iampridem
392 2013 478 2085 Syrus
491 2015 520 2070 in
535 2014 658 2072 Tiberim
672 2014 790 2072 deduxit
805 2014 931 2072 Orontes.

194 2110 327 2167 Rusticus
341 2110 388 2168 ille
402 2116 468 2168 tuus
483 2113 570 2169 sumit
585 2111 772 2185 trecbedipna,
790 2111 913 2182 Quirine,
1070 2128 1095 2176 ⁶7

194 2213 223 2264 et
237 2208 400 2265 ceromatico
414 2208 470 2265 fert
485 2209 616 2265 niceteria
630 2208 707 2267 collo.

195 2305 250 2361 Hic
264 2304 323 2361 alta
337 2304 460 2378 Sicyone,
478 2312 522 2361 ast
535 2305 581 2362 hic
594 2306 741 2378 Amydone
755 2306 860 2378 relicta,

193 2401 238 2459 hic
252 2403 355 2475 Andro,
372 2402 419 2459 ille
434 2403 526 2472 Samo,
542 2403 587 2461 hic
602 2405 742 2463 Trallibus
756 2411 806 2462 aut
820 2404 982 2475 Alabandis,
1070 2433 1096 2469 70

194 2498 334 2571 Esquilias
347 2499 507 2572 dictumque
521 2506 621 2573 petunt
635 2520 652 2558 a
665 2502 768 2559 vimine
782 2501 887 2572 collem,
980 2509 983 2513 ’

192 2599 297 2654 viscera
310 2616 471 2670 magnarum
487 2599 618 2657 domuum
634 2601 793 2674 dominique
807 2601 904 2658 futuri.

193 2694 339 2766 Ingenium
354 2694 441 2767 velox,
457 2696 573 2753 audacia
586 2697 704 2769 perdita,
721 2715 810 2755 sermo

125 2785 127 2789 ’
192 2798 336 2865 promptus
350 2798 380 2849 et
394 2793 473 2850 Isaeo
487 2795 643 2852 torrentior.
688 2795 754 2866 Ede,
771 2795 837 2867 quid
852 2794 931 2850 illurn

193 2907 251 2945 esse
265 2890 366 2962 putesl
386 2908 468 2963 quem
483 2891 525 2947 vis
539 2890 680 2949 hominem
695 2910 788 2950 secum
803 2891 901 2948 attulit
916 2893 951 2948 ad
966 2911 1033 2949 nos:
1069 2919 1093 2957 7⁵

192 2988 397 3059 grammaticus,
414 2988 516 3059 rhetor,
532 2995 693 3062 geometres,
711 2991 807 3062 pictor,
823 2990 932 3062 aliptes,

192 3101 287 3154 augur,
303 3083 509 3156 schoenobates,
526 3086 657 3159 medicus,
674 3105 790 3158 magus:
812 3087 905 3143 omnia
917 3086 997 3143 novit

192 3178 344 3236 Graeculus
358 3181 498 3255 esuriens3
519 3183 547 3238 in
562 3182 677 3255 caelum,
693 3183 813 3255 iusseris,
829 3183 891 3240 ibit.

540 3313 563 3350 ol
578 3311 677 3350 Achaeae
686 3311 711 3351 P.
722 3310 749 3350 A.

422 3375 447 3416 78
460 3374 549 3416 iusseris
558 3376 582 3415 P.
593 3390 613 3416 ω.
629 3376 714 3416 miseris
724 3376 750 3416 A.
761 3387 821 3417 crass
828 3376 852 3415 P.
