2484 3950
490 426 625 477 SATURA
645 427 682 476 IV
1006 434 1036 480 19

177 570 205 625 N
207 588 238 627 ec
251 576 345 627 tamen
359 570 426 628 haec
440 576 552 629 tantum
565 578 692 633 metuas:
714 592 779 630 nam
793 575 842 645 qui
855 574 956 646 spoliet
969 580 999 631 te

137 684 192 723 non
205 667 301 738 deerit,
316 668 415 724 clausis
430 669 565 741 domibus,
581 676 730 743 postquam
744 671 833 726 omnis
847 670 950 742 ubique

136 765 192 821 fixa
205 770 348 823 catenatae
362 765 442 822 siluit
455 785 586 839 compago
600 768 738 824 tabernae

138 862 282 919 Interdum
296 870 324 920 et
338 864 410 920 ferro
424 863 535 921 subitus
548 870 689 936 grassator
702 865 761 936 agit
775 882 841 934 rem,
999 892 1037 931 ³0⁵

20 992 21 997 κ
78 1014 89 1023 ,
136 966 244 1018 armato
258 962 386 1034 quotiens
400 967 479 1018 tutae
493 962 607 1019 custode
621 967 754 1019 tenentur

83 1080 86 1085 ·
136 1064 165 1115 et
179 1059 328 1132 Pomptina
341 1059 421 1132 palus
435 1065 464 1116 et
479 1059 634 1117 Gallinaria
648 1060 737 1132 pinus.

136 1155 258 1214 sicinae
272 1157 326 1214 huc
339 1176 434 1215 omnes
448 1162 590 1230 tamquam
605 1158 642 1215 ad
655 1158 763 1214 vivaria
775 1164 897 1215 sumunt.

136 1255 198 1324 Qua
210 1255 320 1312 fornace
333 1274 439 1328 graves,
456 1274 512 1328 qua
526 1275 581 1312 non
595 1255 702 1325 incude,
718 1254 851 1312 satanael

101 1410 105 1416 ,
135 1351 276 1409 Maximus
288 1354 319 1409 in
332 1353 431 1409 vinclis
445 1353 511 1409 ferri
525 1353 631 1423 modus,
647 1358 680 1409 ut
691 1353 797 1424 timeas,
813 1370 848 1409 ue
997 1383 1035 1420 310

134 1468 228 1507 vomer
242 1450 360 1521 deficiat,
376 1469 411 1507 ne
425 1469 531 1508 marrae
545 1456 574 1507 et
588 1450 696 1507 sarcula
709 1450 808 1507 desint.

135 1548 239 1605 Felices
252 1567 417 1622 proavorum
430 1554 535 1622 atavos,
551 1549 643 1606 felicia
656 1548 731 1606 dicas

134 1642 249 1714 saecula,
265 1660 336 1715 quae
346 1642 487 1714 quondam
500 1641 553 1698 sub
567 1642 678 1714 regibus
692 1647 776 1714 atque
792 1641 912 1699 tribunis

133 1740 263 1797 viderunt
277 1759 332 1796 uno
347 1745 507 1797 contentam
521 1758 627 1797 emnem
643 1739 768 1797 Romam.

174 1839 228 1895 His
241 1837 310 1895 alias
323 1842 448 1911 poteram
462 1843 491 1895 et
504 1839 597 1911 plures
611 1838 773 1895 subnectere
787 1856 901 1897 causas:
995 1866 1032 1904 ³1⁵

132 1930 181 1989 sed
194 1932 319 1990 iumenta
331 1937 440 2006 vocant,
456 1938 486 1990 et
499 1931 541 1989 sol
554 1932 690 2006 inclinat,
711 1931 832 1989 eundum
846 1937 889 1989 est
899 1953 908 2005 3

131 2049 197 2087 nam
210 2031 280 2103 mihi
294 2036 431 2088 commota
444 2030 607 2087 iamdudum
621 2029 708 2086 mulio
722 2031 800 2102 virga

131 2129 238 2186 adnuit.
282 2128 356 2201 Ergo
370 2128 432 2185 vale
447 2129 535 2185 nostri
548 2146 661 2200 memor,
678 2133 707 2185 et
722 2128 849 2202 quotiens
863 2133 892 2185 te

20 2273 22 2282 .
131 2228 222 2284 Roma
235 2233 285 2284 tuo
298 2226 373 2284 refici
387 2231 581 2300 properantem
595 2226 693 2283 reddet
706 2225 826 2298 Aquino,

128 2341 174 2382 me
185 2343 294 2398 quoque
308 2325 344 2381 ad
355 2324 507 2381 Helvinam
519 2323 647 2381 Cererem
658 2329 834 2396 vestramque
844 2323 966 2381 Dianam
993 2354 1031 2390 320

129 2428 259 2480 converte
273 2441 290 2478 a
304 2421 409 2479 Gumis.
453 2421 618 2479 Saturarum
632 2440 690 2493 ego,
707 2422 736 2477 ni
749 2421 836 2494 pudet
850 2422 921 2493 illas,

129 2510 240 2578 auditdr
253 2519 359 2594 gelidos
373 2518 484 2577 veniam
499 2518 635 2592 caligatus
649 2519 679 2575 in
693 2518 797 2591 agros’'

466 2840 623 2898 SATURA
644 2841 687 2898 IV

129 3033 366 3094 Idi-Oramus
382 3033 406 3080 a's
422 3031 501 3093 opatu
517 3031 556 3079 tho
571 3031 661 3093 serbjcet
677 3033 767 3094 osoou
783 3031 867 3080 Sotira
875 3050 886 3089 ;
903 3032 953 3079 tiras
969 3033 1028 3079 tiore

185 3114 233 3175 sor
250 3127 267 3159 o
283 3113 349 3173 pieac
368 3111 398 3172 of
412 3115 602 3173 eutrooupoaoe:
617 3110 648 3158 lte
666 3125 726 3173 pave
746 3112 810 3159 6000
826 3114 933 3159 susurres
945 3112 993 3172 for
1011 3126 1029 3158 a

192 3188 260 3238 moll
283 3224 288 3236 .

127 3307 208 3364 Eoen
222 3307 325 3363 iterum
340 3305 491 3379 Crispinus,
508 3312 537 3363 et
551 3312 593 3363 est
607 3305 677 3362 mihi
691 3323 771 3379 saepe
785 3305 924 3362 vocandus

124 3404 162 3461 ad
176 3411 278 3478 partes,
293 3410 448 3460 monstrum
462 3404 540 3460 nulla
554 3405 663 3460 virtute
678 3404 852 3475 redemptum

77 3533 85 3545 ψ
124 3517 142 3554 a
158 3500 242 3570 vitiis,
259 3516 356 3571 aegrae
370 3498 483 3570 solaque
499 3498 615 3555 libidine
630 3500 716 3555 fortes

410 3620 446 3659 822
459 3619 548 3659 auditor
555 3619 580 3659 P.
591 3618 679 3660 adiutor
688 3631 708 3671 p.
720 3633 739 3660 a.
