2484 3950
486 412 620 463 SATURA
636 412 678 462 lv

136 577 288 631 purpureus
302 559 396 630 magni
410 559 527 615 ructarit
541 577 636 616 scurra
650 560 750 631 Palati,

135 657 191 713 iam
205 658 330 729 princeps
344 657 478 728 equitum,
493 675 594 730 magna
607 659 656 730 qui
670 676 735 715 voce
749 659 856 714 solebat

136 754 254 812 vendere
268 755 420 826 municipes
433 755 522 812 fracta
535 755 569 812 de
583 774 672 812 meree
686 756 806 812 silurosi

138 854 239 926 Incipe,
257 853 387 926 Calliope,
404 853 469 910 licet
483 860 513 910 et
526 853 684 912 considere:
706 872 761 910 non
775 859 818 910 est

138 951 313 1022 cantandum,
329 969 372 1008 res
387 970 453 1008 vera
467 952 577 1023 agitur:
599 957 718 1024 narrate,
735 951 842 1024 puellae
1014 979 1037 1016 ³⁵

139 1044 277 1103 Pierides:
299 1046 386 1118 prosit
400 1045 470 1101 mihi
484 1063 534 1101 vos
549 1045 651 1102 dixisse
665 1045 779 1118 puellas.

39 1344 42 1348 .
139 1302 351 1355 aran-th
372 1304 507 1352 Domitian
528 1318 581 1352 was
602 1304 700 1365 colloq,
722 1320 739 1352 a
762 1304 883 1352 Meamne
900 1303 1038 1366 fisbemnua
1082 1298 1086 1307 '

201 1381 291 1442 mepte
313 1397 330 1428 a
351 1381 414 1443 baua
433 1382 521 1441 turbet,
545 1381 627 1430 submit
647 1381 677 1430 lac
699 1381 801 1443 tboicpbt
824 1382 845 1429 n
867 1381 994 1429 adommin
1016 1386 1040 1429 to

198 1462 297 1520 merent
306 1463 329 1506 to
339 1459 378 1507 ibe
389 1474 506 1521 emperor.

180 1563 252 1620 Oum
266 1563 321 1618 iam
335 1563 529 1619 semianimum
542 1562 676 1620 laceraret
692 1563 806 1620 Flavius
820 1563 915 1620 orbem

140 1660 265 1729 ultimus,
281 1666 309 1716 et
324 1660 402 1716 calvo
416 1661 532 1717 serviret
546 1661 637 1717 Roma
651 1661 764 1732 Neroni,

140 1757 239 1814 incidit
253 1756 367 1813 Adriaci
381 1757 503 1828 spatium
518 1757 681 1814 admirabile
695 1757 805 1814 rhombi

141 1860 205 1912 ante
219 1854 332 1910 domum
347 1853 471 1924 Veneris,
488 1872 571 1926 quam
586 1853 689 1910 Dorica
703 1854 825 1910 sustinet
839 1854 944 1925 Ancon,
1028 1883 1042 1907 0

140 1952 321 2025 implevitque
335 1951 429 2009 sinus:
452 1968 541 2024 neque
555 1951 630 2008 enim
643 1952 733 2008 minor
746 1951 872 2009 haeserat
886 1950 950 2022 illis,

23 2108 30 2120 ,
141 2069 209 2123 quos
224 2050 312 2122 operit
326 2049 427 2121 glacies
442 2049 588 2120 Maeotica
604 2055 742 2122 ruptaque
756 2049 870 2106 tandem

141 2149 246 2206 solibus
260 2148 379 2204 effundit
394 2149 530 2220 torpentis
544 2147 580 2204 ad
595 2149 667 2204 ostia
682 2148 773 2219 Ponti,

140 2247 247 2305 desidia
260 2246 355 2303 tardos
369 2251 398 2303 et
411 2246 493 2318 longo
506 2247 607 2318 frigore
621 2247 746 2318 pingues.

141 2341 274 2397 Destinat
288 2339 339 2395 hoc
353 2345 509 2394 monstrum
523 2339 636 2409 cymbae
650 2339 756 2411 linique
770 2340 901 2411 magister

141 2437 265 2512 pontifici
280 2455 395 2493 summo.
440 2435 508 2505 Quis
523 2437 596 2492 enim
610 2454 760 2509 proponere
774 2435 858 2493 talem

140 2542 191 2594 aut
206 2553 294 2593 emere
308 2534 430 2617 auderet,
447 2552 509 2591 cum
523 2534 605 2607 plena
618 2540 648 2591 et
662 2535 744 2591 litora
757 2534 846 2591 multo

142 2631 265 2687 delatore
278 2629 391 2685 forent?
431 2627 557 2699 Dispersi
571 2630 697 2700 protinus
711 2628 789 2701 algae

140 2728 319 2801 inquisitores
334 2732 447 2799 agerent
461 2744 524 2783 cum
538 2727 641 2799 remige
656 2727 738 2799 nudo,

141 2845 197 2884 non
211 2827 369 2883 dubitaturi
383 2826 536 2896 fugitivum
550 2824 640 2882 dicere
654 2827 765 2898 piscem,

142 2922 344 2993 depastumque
358 2919 407 2975 diu
421 2919 530 2975 vivaria
544 2919 679 2991 Caesaris,
696 2920 760 2976 inde

142 3016 268 3087 elapsum
281 3018 406 3070 veterem
419 3012 456 3070 ad
469 3014 612 3069 dominum
627 3014 725 3070 debere
739 3014 848 3070 reverti.

143 3109 174 3165 si
189 3108 257 3180 quid
272 3107 402 3178 Palfuri0,
419 3108 443 3163 si
457 3107 592 3163 eredimus
606 3107 762 3178 Armillato,

142 3205 280 3279 quidquid
294 3206 471 3278 conspicuum
485 3204 686 3278 pulchrumque
701 3209 744 3261 est
758 3222 875 3276 aequore
890 3209 958 3276 toto,

141 3319 185 3357 res
200 3300 259 3356 fisci
273 3305 324 3371 est,
340 3298 507 3372 ubicumque
522 3304 610 3356 natat.
654 3298 815 3355 Donabitur
829 3317 901 3370 ergo,

141 3417 177 3454 ne
191 3403 294 3471 pereat.
339 3397 400 3452 Iam
414 3397 523 3453 letifero
538 3397 653 3453 cedente
667 3396 774 3469 pruinis

142 3502 288 3567 autumno,
305 3496 361 3551 iam
377 3500 541 3567 quartanam
556 3495 734 3567 sperantibus
748 3495 845 3565 aegris,

271 3625 296 3663 83
308 3619 367 3658 facta
378 3619 401 3657 P.
587 3619 612 3657 43
626 3618 738 3668 torpentis
747 3619 771 3657 P.
782 3616 887 3656 torrentis
896 3616 916 3655 S.
