<?xml version="1.0" encoding="UTF-8"?>
<!DOCTYPE html PUBLIC "-//W3C//DTD XHTML 1.0 Transitional//EN"
    "http://www.w3.org/TR/xhtml1/DTD/xhtml1-transitional.dtd">
<html xmlns="http://www.w3.org/1999/xhtml" xml:lang="en" lang="en">
 <head>
  <title>
</title>
<meta http-equiv="Content-Type" content="text/html;charset=utf-8" />
  <meta name='ocr-system' content='tesseract 3.04.00' />
  <meta name='ocr-capabilities' content='ocr_page ocr_carea ocr_par ocr_line ocrx_word'/>
</head>
<body>
  <div class='ocr_page' id='page_1' title='image "./decimiiuniiiuve00hardgoog_0122.png"; bbox 0 0 2484 3950; ppageno 0'>
   <div class='ocr_carea' id='block_1_1' title="bbox 214 283 837 339">
    <p class='ocr_par' dir='ltr' id='par_1_1' title="bbox 214 283 837 339">
     <span class='ocr_line' id='line_1_1' title="bbox 214 283 837 339; baseline 0.011 -7"><span class='ocrx_word' id='word_1_1' title='bbox 214 284 247 333; x_wconf 78' lang='lat'>42</span> <span class='ocrx_word' id='word_1_2' title='bbox 482 284 513 336; x_wconf 91' lang='lat' dir='ltr'>D.</span> <span class='ocrx_word' id='word_1_3' title='bbox 534 286 628 337; x_wconf 88' lang='lat' dir='ltr'>IUNII</span> <span class='ocrx_word' id='word_1_4' title='bbox 648 283 837 339; x_wconf 80' lang='lat' dir='ltr'>IUVFNALIS</span> 
     </span>
    </p>
   </div>
   <div class='ocr_carea' id='block_1_2' title="bbox 211 432 1210 1966">
    <p class='ocr_par' dir='ltr' id='par_1_2' title="bbox 212 432 957 605">
     <span class='ocr_line' id='line_1_2' title="bbox 212 432 915 505; baseline 0.007 -17"><span class='ocrx_word' id='word_1_5' title='bbox 212 437 245 488; x_wconf 83' lang='lat' dir='ltr'>ut</span> <span class='ocrx_word' id='word_1_6' title='bbox 258 432 388 505; x_wconf 86' lang='lat' dir='ltr'>multum,</span> <span class='ocrx_word' id='word_1_7' title='bbox 405 434 461 492; x_wconf 93' lang='lat' dir='ltr'>duo</span> <span class='ocrx_word' id='word_1_8' title='bbox 474 435 629 494; x_wconf 88' lang='lat' dir='ltr'>sufficient:</span> <span class='ocrx_word' id='word_1_9' title='bbox 653 455 695 494; x_wconf 88' lang='lat' dir='ltr'>res</span> <span class='ocrx_word' id='word_1_10' title='bbox 710 432 787 494; x_wconf 86' lang='lat' dir='ltr'>nulla</span> <span class='ocrx_word' id='word_1_11' title='bbox 801 437 915 493; x_wconf 90' lang='lat' dir='ltr'>minoris</span> 
     </span>
     <span class='ocr_line' id='line_1_3' title="bbox 212 530 957 605; baseline 0.007 -20"><span class='ocrx_word' id='word_1_12' title='bbox 212 530 351 587; x_wconf 79' lang='lat' dir='ltr'><strong>constabit</strong></span> <span class='ocrx_word' id='word_1_13' title='bbox 365 533 446 604; x_wconf 86' lang='lat' dir='ltr'>patri,</span> <span class='ocrx_word' id='word_1_14' title='bbox 463 551 547 604; x_wconf 89' lang='lat' dir='ltr'>quam</span> <span class='ocrx_word' id='word_1_15' title='bbox 561 533 643 589; x_wconf 88' lang='lat' dir='ltr'>filius.</span> <span class='ocrx_word' id='word_1_16' title='bbox 690 533 799 590; x_wconf 90' lang='lat' dir='ltr'>“Unde</span> <span class='ocrx_word' id='word_1_17' title='bbox 813 534 900 605; x_wconf 87' lang='lat' dir='ltr'>igitur</span> <span class='ocrx_word' id='word_1_18' title='bbox 913 538 957 590; x_wconf 91' lang='lat' dir='ltr'>tot</span> 
     </span>
    </p>

    <p class='ocr_par' dir='ltr' id='par_1_3' title="bbox 213 626 973 703">
     <span class='ocr_line' id='line_1_4' title="bbox 213 626 973 703; baseline 0.005 -20"><span class='ocrx_word' id='word_1_19' title='bbox 213 626 403 696; x_wconf 78' lang='lat' dir='ltr'>Quintilianus</span> <span class='ocrx_word' id='word_1_20' title='bbox 417 629 502 687; x_wconf 83' lang='lat' dir='ltr'>hahet</span> <span class='ocrx_word' id='word_1_21' title='bbox 516 630 647 687; x_wconf 87' lang='lat' dir='ltr'>saltusl&#39;&#39;</span> <span class='ocrx_word' id='word_1_22' title='bbox 690 630 825 703; x_wconf 82' lang='lat' dir='ltr'>Exempla</span> <span class='ocrx_word' id='word_1_23' title='bbox 838 648 973 687; x_wconf 84' lang='lat' dir='ltr'>novorum</span> 
     </span>
    </p>

    <p class='ocr_par' dir='ltr' id='par_1_4' title="bbox 211 723 1112 898">
     <span class='ocr_line' id='line_1_5' title="bbox 211 723 1112 801; baseline 0.004 -21"><span class='ocrx_word' id='word_1_24' title='bbox 211 723 333 782; x_wconf 87' lang='lat' dir='ltr'>fatorum</span> <span class='ocrx_word' id='word_1_25' title='bbox 347 726 443 782; x_wconf 86' lang='lat' dir='ltr'>transi.</span> <span class='ocrx_word' id='word_1_26' title='bbox 488 726 567 784; x_wconf 84' lang='lat' dir='ltr'>Felix</span> <span class='ocrx_word' id='word_1_27' title='bbox 580 732 609 784; x_wconf 90' lang='lat' dir='ltr'>ct</span> <span class='ocrx_word' id='word_1_28' title='bbox 623 727 737 801; x_wconf 80' lang='lat' dir='ltr'>pulcher</span> <span class='ocrx_word' id='word_1_29' title='bbox 751 732 780 784; x_wconf 91' lang='lat' dir='ltr'>et</span> <span class='ocrx_word' id='word_1_30' title='bbox 793 746 873 799; x_wconf 81' lang='lat' dir='ltr'>aeer3</span> <span class='ocrx_word' id='word_1_31' title='bbox 1077 757 1112 795; x_wconf 89' lang='lat'>190</span> 
     </span>
     <span class='ocr_line' id='line_1_6' title="bbox 211 821 815 898; baseline 0.01 -21"><span class='ocrx_word' id='word_1_32' title='bbox 211 821 279 878; x_wconf 83' lang='lat' dir='ltr'>felix</span> <span class='ocrx_word' id='word_1_33' title='bbox 292 827 322 880; x_wconf 91' lang='lat' dir='ltr'>et</span> <span class='ocrx_word' id='word_1_34' title='bbox 336 822 446 896; x_wconf 85' lang='lat' dir='ltr'>sapiens</span> <span class='ocrx_word' id='word_1_35' title='bbox 459 828 489 881; x_wconf 91' lang='lat' dir='ltr'>et</span> <span class='ocrx_word' id='word_1_36' title='bbox 503 824 604 881; x_wconf 92' lang='lat' dir='ltr'>nobilis</span> <span class='ocrx_word' id='word_1_37' title='bbox 618 829 648 882; x_wconf 89' lang='lat' dir='ltr'>ct</span> <span class='ocrx_word' id='word_1_38' title='bbox 661 844 815 898; x_wconf 85' lang='lat' dir='ltr'>generosus,</span> 
     </span>
    </p>

    <p class='ocr_par' dir='ltr' id='par_1_5' title="bbox 211 918 853 993">
     <span class='ocr_line' id='line_1_7' title="bbox 211 918 853 993; baseline 0.006 -18"><span class='ocrx_word' id='word_1_39' title='bbox 211 918 368 991; x_wconf 88' lang='lat' dir='ltr'>adpositam</span> <span class='ocrx_word' id='word_1_40' title='bbox 382 920 477 993; x_wconf 83' lang='lat' dir='ltr'>nigrae</span> <span class='ocrx_word' id='word_1_41' title='bbox 491 920 586 977; x_wconf 87' lang='lat' dir='ltr'>lunam</span> <span class='ocrx_word' id='word_1_42' title='bbox 601 920 727 978; x_wconf 89' lang='lat' dir='ltr'>subtexit</span> <span class='ocrx_word' id='word_1_43' title='bbox 741 921 834 979; x_wconf 85' lang='lat' dir='ltr'>alutae</span> <span class='ocrx_word' id='word_1_44' title='bbox 846 944 853 990; x_wconf 83' lang='lat'><em>3</em></span> 
     </span>
    </p>

    <p class='ocr_par' dir='ltr' id='par_1_6' title="bbox 212 1015 877 1091">
     <span class='ocr_line' id='line_1_8' title="bbox 212 1015 877 1091; baseline 0.006 -19"><span class='ocrx_word' id='word_1_45' title='bbox 212 1015 287 1089; x_wconf 85' lang='lat' dir='ltr'>felix,</span> <span class='ocrx_word' id='word_1_46' title='bbox 303 1021 395 1074; x_wconf 85' lang='lat' dir='ltr'>orator</span> <span class='ocrx_word' id='word_1_47' title='bbox 409 1036 517 1091; x_wconf 91' lang='lat' dir='ltr'>quoquc</span> <span class='ocrx_word' id='word_1_48' title='bbox 531 1017 669 1074; x_wconf 86' lang='lat' dir='ltr'>maximus</span> <span class='ocrx_word' id='word_1_49' title='bbox 683 1023 712 1075; x_wconf 91' lang='lat' dir='ltr'>et</span> <span class='ocrx_word' id='word_1_50' title='bbox 726 1017 877 1076; x_wconf 88' lang='lat' dir='ltr'>iaculator:</span> 
     </span>
    </p>

    <p class='ocr_par' dir='ltr' id='par_1_7' title="bbox 212 1113 953 1187">
     <span class='ocr_line' id='line_1_9' title="bbox 212 1113 953 1187; baseline 0.003 -18"><span class='ocrx_word' id='word_1_51' title='bbox 212 1117 241 1170; x_wconf 89' lang='lat' dir='ltr'>et</span> <span class='ocrx_word' id='word_1_52' title='bbox 255 1113 279 1169; x_wconf 90' lang='lat' dir='ltr'>si</span> <span class='ocrx_word' id='word_1_53' title='bbox 292 1114 428 1186; x_wconf 81' lang='lat' dir='ltr'>perfrixit,</span> <span class='ocrx_word' id='word_1_54' title='bbox 442 1119 538 1171; x_wconf 84' lang='lat' dir='ltr'>cantat</span> <span class='ocrx_word' id='word_1_55' title='bbox 551 1115 630 1172; x_wconf 90' lang='lat' dir='ltr'>bene.</span> <span class='ocrx_word' id='word_1_56' title='bbox 673 1114 771 1171; x_wconf 89' lang='lat' dir='ltr'>Distat</span> <span class='ocrx_word' id='word_1_57' title='bbox 785 1115 867 1185; x_wconf 85' lang='lat' dir='ltr'>enim,</span> <span class='ocrx_word' id='word_1_58' title='bbox 884 1133 953 1187; x_wconf 86' lang='lat' dir='ltr'>quae</span> 
     </span>
    </p>

    <p class='ocr_par' dir='ltr' id='par_1_8' title="bbox 212 1209 1111 1285">
     <span class='ocr_line' id='line_1_10' title="bbox 212 1209 1111 1285; baseline 0.001 -18"><span class='ocrx_word' id='word_1_59' title='bbox 212 1209 303 1267; x_wconf 86' lang='lat' dir='ltr'>sidera</span> <span class='ocrx_word' id='word_1_60' title='bbox 317 1215 345 1267; x_wconf 93' lang='lat' dir='ltr'>te</span> <span class='ocrx_word' id='word_1_61' title='bbox 359 1213 497 1285; x_wconf 86' lang='lat' dir='ltr'>excipiant</span> <span class='ocrx_word' id='word_1_62' title='bbox 511 1211 594 1268; x_wconf 91' lang='lat' dir='ltr'>modo</span> <span class='ocrx_word' id='word_1_63' title='bbox 608 1211 711 1284; x_wconf 89' lang='lat' dir='ltr'>primos</span> <span class='ocrx_word' id='word_1_64' title='bbox 725 1212 902 1284; x_wconf 81' lang='lat' dir='ltr'>incipientem</span> <span class='ocrx_word' id='word_1_65' title='bbox 1077 1239 1111 1279; x_wconf 81' lang='lat'>19⁵</span> 
     </span>
    </p>

    <p class='ocr_par' dir='ltr' id='par_1_9' title="bbox 212 1308 864 1381">
     <span class='ocr_line' id='line_1_11' title="bbox 212 1308 864 1381; baseline 0.003 -16"><span class='ocrx_word' id='word_1_66' title='bbox 212 1308 292 1365; x_wconf 88' lang='lat' dir='ltr'>edere</span> <span class='ocrx_word' id='word_1_67' title='bbox 305 1310 417 1381; x_wconf 84' lang='lat' dir='ltr'>vagitus</span> <span class='ocrx_word' id='word_1_68' title='bbox 431 1315 460 1367; x_wconf 91' lang='lat' dir='ltr'>et</span> <span class='ocrx_word' id='word_1_69' title='bbox 474 1309 564 1367; x_wconf 84' lang='lat' dir='ltr'>adhuc</span> <span class='ocrx_word' id='word_1_70' title='bbox 577 1328 595 1366; x_wconf 90' lang='lat' dir='ltr'>a</span> <span class='ocrx_word' id='word_1_71' title='bbox 609 1315 697 1366; x_wconf 89' lang='lat' dir='ltr'>matre</span> <span class='ocrx_word' id='word_1_72' title='bbox 711 1309 864 1367; x_wconf 89' lang='lat' dir='ltr'>rubentem.</span> 
     </span>
    </p>

    <p class='ocr_par' dir='ltr' id='par_1_10' title="bbox 212 1405 1210 1675">
     <span class='ocr_line' id='line_1_12' title="bbox 213 1405 1210 1485; baseline 0.003 -22"><span class='ocrx_word' id='word_1_73' title='bbox 213 1406 244 1463; x_wconf 84' lang='lat' dir='ltr'>Si</span> <span class='ocrx_word' id='word_1_74' title='bbox 259 1405 385 1463; x_wconf 84' lang='lat' dir='ltr'>Fortuna</span> <span class='ocrx_word' id='word_1_75' title='bbox 397 1407 481 1478; x_wconf 84' lang='lat' dir='ltr'>volet,</span> <span class='ocrx_word' id='word_1_76' title='bbox 498 1407 546 1464; x_wconf 88' lang='lat' dir='ltr'>fies</span> <span class='ocrx_word' id='word_1_77' title='bbox 561 1408 595 1464; x_wconf 90' lang='lat' dir='ltr'>de</span> <span class='ocrx_word' id='word_1_78' title='bbox 609 1407 719 1465; x_wconf 86' lang='lat' dir='ltr'>rhetore</span> <span class='ocrx_word' id='word_1_79' title='bbox 734 1407 845 1465; x_wconf 90' lang='lat' dir='ltr'>consul:</span> <span class='ocrx_word' id='word_1_80' title='bbox 1209 1478 1210 1485; x_wconf 8' lang='grc' dir='ltr'>ἵ</span> 
     </span>
     <span class='ocr_line' id='line_1_13' title="bbox 212 1488 1210 1574; baseline 0.009 -16"><span class='ocrx_word' id='word_1_81' title='bbox 212 1503 237 1559; x_wconf 89' lang='lat' dir='ltr'>si</span> <span class='ocrx_word' id='word_1_82' title='bbox 251 1502 326 1560; x_wconf 82' lang='lat' dir='ltr'>volet</span> <span class='ocrx_word' id='word_1_83' title='bbox 340 1504 408 1561; x_wconf 86' lang='lat' dir='ltr'>haec</span> <span class='ocrx_word' id='word_1_84' title='bbox 421 1504 525 1574; x_wconf 87' lang='lat' dir='ltr'>eadem,</span> <span class='ocrx_word' id='word_1_85' title='bbox 542 1503 591 1561; x_wconf 90' lang='lat' dir='ltr'>fiet</span> <span class='ocrx_word' id='word_1_86' title='bbox 606 1505 641 1561; x_wconf 92' lang='lat' dir='ltr'>de</span> <span class='ocrx_word' id='word_1_87' title='bbox 655 1504 765 1562; x_wconf 91' lang='lat' dir='ltr'>consule</span> <span class='ocrx_word' id='word_1_88' title='bbox 780 1504 882 1563; x_wconf 86' lang='lat' dir='ltr'>rhetor.</span> <span class='ocrx_word' id='word_1_89' title='bbox 1209 1488 1210 1567; x_wconf 91' lang='lat' dir='ltr'>l</span> 
     </span>
     <span class='ocr_line' id='line_1_14' title="bbox 212 1599 1071 1675; baseline 0.002 -18"><span class='ocrx_word' id='word_1_90' title='bbox 212 1599 362 1657; x_wconf 79' lang='lat' dir='ltr'>Ventidius</span> <span class='ocrx_word' id='word_1_91' title='bbox 376 1601 444 1674; x_wconf 91' lang='lat' dir='ltr'>quid</span> <span class='ocrx_word' id='word_1_92' title='bbox 458 1601 552 1658; x_wconf 88' lang='lat' dir='ltr'>eniml</span> <span class='ocrx_word' id='word_1_93' title='bbox 572 1600 641 1674; x_wconf 91' lang='lat' dir='ltr'>quid</span> <span class='ocrx_word' id='word_1_94' title='bbox 654 1601 782 1658; x_wconf 82' lang='lat' dir='ltr'>Tulliusl</span> <span class='ocrx_word' id='word_1_95' title='bbox 802 1619 872 1659; x_wconf 86' lang='lat' dir='ltr'>anne</span> <span class='ocrx_word' id='word_1_96' title='bbox 886 1602 972 1675; x_wconf 89' lang='lat' dir='ltr'>aliud,</span> <span class='ocrx_word' id='word_1_97' title='bbox 987 1621 1071 1675; x_wconf 91' lang='lat' dir='ltr'>quam</span> 
     </span>
    </p>

    <p class='ocr_par' dir='ltr' id='par_1_11' title="bbox 212 1697 1113 1875">
     <span class='ocr_line' id='line_1_15' title="bbox 212 1697 1113 1771; baseline 0.003 -17"><span class='ocrx_word' id='word_1_98' title='bbox 212 1697 289 1755; x_wconf 88' lang='lat' dir='ltr'>sidus</span> <span class='ocrx_word' id='word_1_99' title='bbox 302 1702 331 1755; x_wconf 92' lang='lat' dir='ltr'>et</span> <span class='ocrx_word' id='word_1_100' title='bbox 346 1697 447 1755; x_wconf 86' lang='lat' dir='ltr'>occulti</span> <span class='ocrx_word' id='word_1_101' title='bbox 459 1697 587 1754; x_wconf 88' lang='lat' dir='ltr'>miranda</span> <span class='ocrx_word' id='word_1_102' title='bbox 599 1699 726 1771; x_wconf 90' lang='lat' dir='ltr'>potentia</span> <span class='ocrx_word' id='word_1_103' title='bbox 740 1698 813 1757; x_wconf 86' lang='lat' dir='ltr'>fatil</span> <span class='ocrx_word' id='word_1_104' title='bbox 1075 1730 1113 1757; x_wconf 82' lang='lat'>200</span> 
     </span>
     <span class='ocr_line' id='line_1_16' title="bbox 213 1796 1018 1875; baseline 0.002 -22"><span class='ocrx_word' id='word_1_105' title='bbox 213 1796 306 1853; x_wconf 85' lang='lat' dir='ltr'>Servis</span> <span class='ocrx_word' id='word_1_106' title='bbox 320 1815 404 1869; x_wconf 84' lang='lat' dir='ltr'>regna</span> <span class='ocrx_word' id='word_1_107' title='bbox 418 1796 534 1868; x_wconf 86' lang='lat' dir='ltr'>dabunt,</span> <span class='ocrx_word' id='word_1_108' title='bbox 551 1796 670 1868; x_wconf 85' lang='lat' dir='ltr'>captivis</span> <span class='ocrx_word' id='word_1_109' title='bbox 684 1796 744 1854; x_wconf 88' lang='lat' dir='ltr'>fata</span> <span class='ocrx_word' id='word_1_110' title='bbox 758 1798 939 1870; x_wconf 83' lang='lat' dir='ltr'>triumphum.</span> <span class='ocrx_word' id='word_1_111' title='bbox 1013 1866 1018 1875; x_wconf 32' lang='lat'><em>¹</em></span> 
     </span>
    </p>

    <p class='ocr_par' dir='ltr' id='par_1_12' title="bbox 212 1875 1011 1966">
     <span class='ocr_line' id='line_1_17' title="bbox 212 1875 1011 1966; baseline 0.004 -16"><span class='ocrx_word' id='word_1_112' title='bbox 212 1893 292 1950; x_wconf 88' lang='lat' dir='ltr'>Felix</span> <span class='ocrx_word' id='word_1_113' title='bbox 306 1893 353 1950; x_wconf 88' lang='lat' dir='ltr'>ille</span> <span class='ocrx_word' id='word_1_114' title='bbox 367 1898 462 1951; x_wconf 88' lang='lat' dir='ltr'>tamen</span> <span class='ocrx_word' id='word_1_115' title='bbox 476 1911 559 1951; x_wconf 87' lang='lat' dir='ltr'>corvo</span> <span class='ocrx_word' id='word_1_116' title='bbox 573 1912 682 1966; x_wconf 91' lang='lat' dir='ltr'>quoque</span> <span class='ocrx_word' id='word_1_117' title='bbox 696 1895 783 1951; x_wconf 87' lang='lat' dir='ltr'>rarior</span> <span class='ocrx_word' id='word_1_118' title='bbox 797 1895 867 1952; x_wconf 90' lang='lat' dir='ltr'>albo.</span> <span class='ocrx_word' id='word_1_119' title='bbox 961 1875 971 1913; x_wconf 21' lang='lat' dir='ltr'>&#39;l</span> <span class='ocrx_word' id='word_1_120' title='bbox 1006 1876 1011 1885; x_wconf 28' lang='lat' dir='ltr'><em>s</em></span> 
     </span>
    </p>
   </div>
   <div class='ocr_carea' id='block_1_3' title="bbox 212 1940 1109 2212">
    <p class='ocr_par' dir='ltr' id='par_1_13' title="bbox 212 1940 1211 2212">
     <span class='ocr_line' id='line_1_18' title="bbox 212 1940 1109 2135; baseline 0.003 -16"><span class='ocrx_word' id='word_1_121' title='bbox 212 2071 442 2134; x_wconf 67' lang='lat' dir='ltr'>maala-Many</span> <span class='ocrx_word' id='word_1_122' title='bbox 458 2071 520 2121; x_wconf 81' lang='lat' dir='ltr'>hoec</span> <span class='ocrx_word' id='word_1_123' title='bbox 535 2073 649 2134; x_wconf 77' lang='lat' dir='ltr'>repented</span> <span class='ocrx_word' id='word_1_124' title='bbox 665 2074 695 2135; x_wconf 82' lang='lat' dir='ltr'>of</span> <span class='ocrx_word' id='word_1_125' title='bbox 707 2072 819 2135; x_wconf 77' lang='lat' dir='ltr'>choosiaq</span> <span class='ocrx_word' id='word_1_126' title='bbox 836 2073 885 2121; x_wconf 76' lang='lat' dir='ltr'>tho&#39;a</span> <span class='ocrx_word' id='word_1_127' title='bbox 901 1940 1036 2123; x_wconf 51' lang='lat' dir='ltr'>col&gt;too</span> <span class='ocrx_word' id='word_1_128' title='bbox 1053 2074 1063 2121; x_wconf 86' lang='lat' dir='ltr'>l</span> <span class='ocrx_word' id='word_1_129' title='bbox 1080 2078 1109 2124; x_wconf 82' lang='lat' dir='ltr'>tc.</span> 
     </span>
     <span class='ocr_line' id='line_1_19' title="bbox 280 2149 926 2212; baseline 0.003 -15"><span class='ocrx_word' id='word_1_130' title='bbox 280 2149 330 2197; x_wconf 78' lang='lat' dir='ltr'>The</span> <span class='ocrx_word' id='word_1_131' title='bbox 341 2149 383 2198; x_wconf 85' lang='lat' dir='ltr'>old</span> <span class='ocrx_word' id='word_1_132' title='bbox 393 2150 457 2211; x_wconf 79' lang='lat' dir='ltr'>cloys</span> <span class='ocrx_word' id='word_1_133' title='bbox 468 2151 498 2212; x_wconf 82' lang='lat' dir='ltr'>of</span> <span class='ocrx_word' id='word_1_134' title='bbox 505 2165 628 2200; x_wconf 77' lang='lat' dir='ltr'>reverencc</span> <span class='ocrx_word' id='word_1_135' title='bbox 632 2150 679 2212; x_wconf 81' lang='lat' dir='ltr'>for</span> <span class='ocrx_word' id='word_1_136' title='bbox 689 2150 796 2199; x_wconf 60' lang='lat' dir='ltr'>machera</span> <span class='ocrx_word' id='word_1_137' title='bbox 806 2165 850 2198; x_wconf 85' lang='lat' dir='ltr'>arc</span> <span class='ocrx_word' id='word_1_138' title='bbox 860 2165 926 2212; x_wconf 78' lang='lat' dir='ltr'>ponc.</span> 
     </span>
    </p>
   </div>
   <div class='ocr_carea' id='block_1_4' title="bbox 210 2255 1116 3310">
    <p class='ocr_par' dir='ltr' id='par_1_14' title="bbox 212 2255 915 2330">
     <span class='ocr_line' id='line_1_20' title="bbox 212 2255 915 2330; baseline 0.004 -19"><span class='ocrx_word' id='word_1_139' title='bbox 212 2256 356 2313; x_wconf 80' lang='lat' dir='ltr'>Paenituit</span> <span class='ocrx_word' id='word_1_140' title='bbox 370 2255 474 2312; x_wconf 91' lang='lat' dir='ltr'>multos</span> <span class='ocrx_word' id='word_1_141' title='bbox 487 2275 575 2313; x_wconf 85' lang='lat' dir='ltr'>vanae</span> <span class='ocrx_word' id='word_1_142' title='bbox 589 2256 747 2330; x_wconf 82' lang='lat' dir='ltr'>sterilisque</span> <span class='ocrx_word' id='word_1_143' title='bbox 761 2257 915 2327; x_wconf 81' lang='lat' dir='ltr'>cathedrae,</span> 
     </span>
    </p>

    <p class='ocr_par' dir='ltr' id='par_1_15' title="bbox 211 2354 1113 2623">
     <span class='ocr_line' id='line_1_21' title="bbox 211 2354 949 2429; baseline 0.003 -19"><span class='ocrx_word' id='word_1_144' title='bbox 211 2355 284 2411; x_wconf 90' lang='lat' dir='ltr'>sieut</span> <span class='ocrx_word' id='word_1_145' title='bbox 298 2354 497 2425; x_wconf 81' lang='lat' dir='ltr'>Thrasymachi</span> <span class='ocrx_word' id='word_1_146' title='bbox 511 2356 610 2428; x_wconf 89' lang='lat' dir='ltr'>probat</span> <span class='ocrx_word' id='word_1_147' title='bbox 625 2356 717 2412; x_wconf 89' lang='lat' dir='ltr'>exitus</span> <span class='ocrx_word' id='word_1_148' title='bbox 731 2361 815 2429; x_wconf 90' lang='lat' dir='ltr'>atque</span> <span class='ocrx_word' id='word_1_149' title='bbox 831 2355 949 2412; x_wconf 86' lang='lat' dir='ltr'>Secundi</span> 
     </span>
     <span class='ocr_line' id='line_1_22' title="bbox 212 2441 1113 2526; baseline 0 -17"><span class='ocrx_word' id='word_1_150' title='bbox 212 2452 369 2510; x_wconf 80' lang='lat' dir='ltr'>Garinatis:</span> <span class='ocrx_word' id='word_1_151' title='bbox 390 2458 419 2509; x_wconf 91' lang='lat' dir='ltr'>et</span> <span class='ocrx_word' id='word_1_152' title='bbox 433 2441 507 2510; x_wconf 83' lang='lat' dir='ltr'>huuc</span> <span class='ocrx_word' id='word_1_153' title='bbox 520 2454 631 2526; x_wconf 90' lang='lat' dir='ltr'>inopem</span> <span class='ocrx_word' id='word_1_154' title='bbox 645 2453 763 2524; x_wconf 86' lang='lat' dir='ltr'>vidistis,</span> <span class='ocrx_word' id='word_1_155' title='bbox 779 2453 915 2525; x_wconf 85' lang='lat' dir='ltr'>Athenae,</span> <span class='ocrx_word' id='word_1_156' title='bbox 1075 2483 1113 2519; x_wconf 82' lang='lat'>205</span> 
     </span>
     <span class='ocr_line' id='line_1_23' title="bbox 212 2549 853 2623; baseline 0.005 -18"><span class='ocrx_word' id='word_1_157' title='bbox 212 2549 251 2605; x_wconf 88' lang='lat' dir='ltr'>nil</span> <span class='ocrx_word' id='word_1_158' title='bbox 265 2555 374 2622; x_wconf 89' lang='lat' dir='ltr'>praeter</span> <span class='ocrx_word' id='word_1_159' title='bbox 387 2550 493 2623; x_wconf 85' lang='lat' dir='ltr'>gelidas</span> <span class='ocrx_word' id='word_1_160' title='bbox 507 2569 591 2607; x_wconf 81' lang='lat' dir='ltr'>armac</span> <span class='ocrx_word' id='word_1_161' title='bbox 605 2551 728 2608; x_wconf 85' lang='lat' dir='ltr'>conferre</span> <span class='ocrx_word' id='word_1_162' title='bbox 741 2552 853 2608; x_wconf 88' lang='lat' dir='ltr'>cicutas.</span> 
     </span>
    </p>

    <p class='ocr_par' dir='ltr' id='par_1_16' title="bbox 211 2648 1022 2823">
     <span class='ocr_line' id='line_1_24' title="bbox 212 2648 1022 2723; baseline 0.005 -19"><span class='ocrx_word' id='word_1_163' title='bbox 212 2648 259 2721; x_wconf 91' lang='lat' dir='ltr'>Di,</span> <span class='ocrx_word' id='word_1_164' title='bbox 274 2649 410 2705; x_wconf 87' lang='lat' dir='ltr'>maiorum</span> <span class='ocrx_word' id='word_1_165' title='bbox 423 2650 529 2706; x_wconf 90' lang='lat' dir='ltr'>umbris</span> <span class='ocrx_word' id='word_1_166' title='bbox 544 2654 657 2707; x_wconf 91' lang='lat' dir='ltr'>tenuem</span> <span class='ocrx_word' id='word_1_167' title='bbox 671 2655 700 2707; x_wconf 89' lang='lat' dir='ltr'>et</span> <span class='ocrx_word' id='word_1_168' title='bbox 713 2651 772 2707; x_wconf 91' lang='lat' dir='ltr'>sine</span> <span class='ocrx_word' id='word_1_169' title='bbox 786 2650 906 2723; x_wconf 90' lang='lat' dir='ltr'>pondere</span> <span class='ocrx_word' id='word_1_170' title='bbox 921 2656 1022 2708; x_wconf 89' lang='lat' dir='ltr'>terram</span> 
     </span>
     <span class='ocr_line' id='line_1_25' title="bbox 211 2748 927 2823; baseline 0.004 -21"><span class='ocrx_word' id='word_1_171' title='bbox 211 2748 401 2820; x_wconf 81' lang='lat' dir='ltr'>spirantesque</span> <span class='ocrx_word' id='word_1_172' title='bbox 415 2766 507 2805; x_wconf 78' lang='lat' dir='ltr'>crocos</span> <span class='ocrx_word' id='word_1_173' title='bbox 520 2754 550 2804; x_wconf 83' lang='lat' dir='ltr'>et</span> <span class='ocrx_word' id='word_1_174' title='bbox 563 2749 593 2804; x_wconf 90' lang='lat' dir='ltr'>in</span> <span class='ocrx_word' id='word_1_175' title='bbox 607 2767 677 2805; x_wconf 90' lang='lat' dir='ltr'>urna</span> <span class='ocrx_word' id='word_1_176' title='bbox 691 2753 855 2822; x_wconf 91' lang='lat' dir='ltr'>perpetuum</span> <span class='ocrx_word' id='word_1_177' title='bbox 869 2767 927 2823; x_wconf 84' lang='lat' dir='ltr'>ver,</span> 
     </span>
    </p>

    <p class='ocr_par' dir='ltr' id='par_1_17' title="bbox 211 2845 843 2919">
     <span class='ocr_line' id='line_1_26' title="bbox 211 2845 843 2919; baseline 0.005 -19"><span class='ocrx_word' id='word_1_178' title='bbox 211 2845 260 2918; x_wconf 90' lang='lat' dir='ltr'>qui</span> <span class='ocrx_word' id='word_1_179' title='bbox 273 2850 477 2919; x_wconf 84' lang='lat' dir='ltr'>praeceptorem</span> <span class='ocrx_word' id='word_1_180' title='bbox 491 2846 580 2902; x_wconf 89' lang='lat' dir='ltr'>sancti</span> <span class='ocrx_word' id='word_1_181' title='bbox 594 2846 706 2903; x_wconf 84' lang='lat' dir='ltr'>voluere</span> <span class='ocrx_word' id='word_1_182' title='bbox 720 2848 843 2919; x_wconf 88' lang='lat' dir='ltr'>parentis</span> 
     </span>
    </p>

    <p class='ocr_par' dir='ltr' id='par_1_18' title="bbox 211 2942 1116 3114">
     <span class='ocr_line' id='line_1_27' title="bbox 211 2942 1116 3016; baseline 0.003 -17"><span class='ocrx_word' id='word_1_183' title='bbox 211 2961 270 2999; x_wconf 87' lang='lat' dir='ltr'>esse</span> <span class='ocrx_word' id='word_1_184' title='bbox 283 2942 351 3000; x_wconf 91' lang='lat' dir='ltr'>loco.</span> <span class='ocrx_word' id='word_1_185' title='bbox 394 2943 526 3000; x_wconf 90' lang='lat' dir='ltr'>Metuens</span> <span class='ocrx_word' id='word_1_186' title='bbox 539 2943 634 3015; x_wconf 81' lang='lat' dir='ltr'>virgae</span> <span class='ocrx_word' id='word_1_187' title='bbox 648 2944 704 3000; x_wconf 86' lang='lat' dir='ltr'>iam</span> <span class='ocrx_word' id='word_1_188' title='bbox 717 2944 830 3016; x_wconf 82' lang='lat' dir='ltr'>grandis</span> <span class='ocrx_word' id='word_1_189' title='bbox 844 2944 968 3002; x_wconf 89' lang='lat' dir='ltr'>Achilles</span> <span class='ocrx_word' id='word_1_190' title='bbox 1075 2975 1116 3002; x_wconf 84' lang='lat'>210</span> 
     </span>
     <span class='ocr_line' id='line_1_28' title="bbox 211 3040 917 3114; baseline 0.003 -19"><span class='ocrx_word' id='word_1_191' title='bbox 211 3040 342 3097; x_wconf 83' lang='lat' dir='ltr'>cantabat</span> <span class='ocrx_word' id='word_1_192' title='bbox 355 3042 453 3114; x_wconf 89' lang='lat' dir='ltr'>patriis</span> <span class='ocrx_word' id='word_1_193' title='bbox 468 3042 496 3097; x_wconf 92' lang='lat' dir='ltr'>in</span> <span class='ocrx_word' id='word_1_194' title='bbox 510 3041 662 3113; x_wconf 87' lang='lat' dir='ltr'>montibus,</span> <span class='ocrx_word' id='word_1_195' title='bbox 679 3046 708 3097; x_wconf 90' lang='lat' dir='ltr'>et</span> <span class='ocrx_word' id='word_1_196' title='bbox 722 3046 767 3097; x_wconf 91' lang='lat' dir='ltr'>cui</span> <span class='ocrx_word' id='word_1_197' title='bbox 781 3061 835 3098; x_wconf 90' lang='lat' dir='ltr'>uon</span> <span class='ocrx_word' id='word_1_198' title='bbox 850 3048 917 3098; x_wconf 88' lang='lat' dir='ltr'>tunc</span> 
     </span>
    </p>

    <p class='ocr_par' dir='ltr' id='par_1_19' title="bbox 210 3138 839 3211">
     <span class='ocr_line' id='line_1_29' title="bbox 210 3138 839 3211; baseline 0 -16"><span class='ocrx_word' id='word_1_199' title='bbox 210 3138 321 3195; x_wconf 86' lang='lat' dir='ltr'>eliceret</span> <span class='ocrx_word' id='word_1_200' title='bbox 334 3140 421 3196; x_wconf 88' lang='lat' dir='ltr'>risum</span> <span class='ocrx_word' id='word_1_201' title='bbox 435 3139 588 3196; x_wconf 89' lang='lat' dir='ltr'>citharoedi</span> <span class='ocrx_word' id='word_1_202' title='bbox 602 3139 690 3195; x_wconf 89' lang='lat' dir='ltr'>cauda</span> <span class='ocrx_word' id='word_1_203' title='bbox 704 3140 839 3211; x_wconf 83' lang='lat' dir='ltr'>magistri.</span> 
     </span>
    </p>

    <p class='ocr_par' dir='ltr' id='par_1_20' title="bbox 211 3235 1043 3310">
     <span class='ocr_line' id='line_1_30' title="bbox 211 3235 1043 3310; baseline 0.002 -17"><span class='ocrx_word' id='word_1_204' title='bbox 211 3235 266 3294; x_wconf 83' lang='lat' dir='ltr'>Sed</span> <span class='ocrx_word' id='word_1_205' title='bbox 282 3236 387 3294; x_wconf 85' lang='lat' dir='ltr'>Rufum</span> <span class='ocrx_word' id='word_1_206' title='bbox 401 3243 485 3309; x_wconf 86' lang='lat' dir='ltr'>atque</span> <span class='ocrx_word' id='word_1_207' title='bbox 500 3238 568 3294; x_wconf 86' lang='lat' dir='ltr'>alios</span> <span class='ocrx_word' id='word_1_208' title='bbox 582 3238 674 3294; x_wconf 88' lang='lat' dir='ltr'>caedit</span> <span class='ocrx_word' id='word_1_209' title='bbox 688 3254 739 3293; x_wconf 91' lang='lat' dir='ltr'>sua</span> <span class='ocrx_word' id='word_1_210' title='bbox 753 3255 889 3309; x_wconf 91' lang='lat' dir='ltr'>quemque</span> <span class='ocrx_word' id='word_1_211' title='bbox 904 3239 1043 3310; x_wconf 87' lang='lat' dir='ltr'>iuventus,</span> 
     </span>
    </p>
   </div>
   <div class='ocr_carea' id='block_1_5' title="bbox 210 3334 978 3408">
    <p class='ocr_par' dir='ltr' id='par_1_21' title="bbox 210 3334 978 3408">
     <span class='ocr_line' id='line_1_31' title="bbox 210 3334 978 3408; baseline 0.004 -18"><span class='ocrx_word' id='word_1_212' title='bbox 210 3334 325 3405; x_wconf 85' lang='lat' dir='ltr'>Rufum,</span> <span class='ocrx_word' id='word_1_213' title='bbox 342 3353 424 3407; x_wconf 90' lang='lat' dir='ltr'>quem</span> <span class='ocrx_word' id='word_1_214' title='bbox 439 3335 543 3391; x_wconf 89' lang='lat' dir='ltr'>totiens</span> <span class='ocrx_word' id='word_1_215' title='bbox 558 3335 718 3392; x_wconf 78' lang='lat' dir='ltr'>Ciceronem</span> <span class='ocrx_word' id='word_1_216' title='bbox 732 3334 885 3408; x_wconf 83' lang='lat' dir='ltr'>Allobroga</span> <span class='ocrx_word' id='word_1_217' title='bbox 899 3335 978 3394; x_wconf 84' lang='lat' dir='ltr'>dixit.</span> 
     </span>
    </p>
   </div>
   <div class='ocr_carea' id='block_1_6' title="bbox 361 3442 959 3557">
    <p class='ocr_par' dir='ltr' id='par_1_22' title="bbox 361 3442 959 3557">
     <span class='ocr_line' id='line_1_32' title="bbox 361 3442 959 3494; baseline 0.002 -11"><span class='ocrx_word' id='word_1_218' title='bbox 361 3444 398 3483; x_wconf 76' lang='lat' dir='ltr'>los</span> <span class='ocrx_word' id='word_1_219' title='bbox 411 3442 450 3483; x_wconf 82' lang='lat' dir='ltr'>fiet</span> <span class='ocrx_word' id='word_1_220' title='bbox 457 3443 483 3483; x_wconf 81' lang='grc' dir='ltr'>Ρ.</span> <span class='ocrx_word' id='word_1_221' title='bbox 493 3444 532 3484; x_wconf 81' lang='lat' dir='ltr'>fles</span> <span class='ocrx_word' id='word_1_222' title='bbox 539 3455 561 3493; x_wconf 77' lang='lat' dir='ltr'>p.</span> <span class='ocrx_word' id='word_1_223' title='bbox 572 3460 592 3484; x_wconf 71' lang='lat' dir='ltr'>a.</span> <span class='ocrx_word' id='word_1_224' title='bbox 729 3446 765 3484; x_wconf 83' lang='lat'>201</span> <span class='ocrx_word' id='word_1_225' title='bbox 775 3442 899 3494; x_wconf 81' lang='lat' dir='ltr'>triumphos</span> <span class='ocrx_word' id='word_1_226' title='bbox 906 3455 928 3494; x_wconf 83' lang='lat' dir='ltr'>p.</span> <span class='ocrx_word' id='word_1_227' title='bbox 939 3461 959 3484; x_wconf 73' lang='grc' dir='ltr'>ω.</span> 
     </span>
     <span class='ocr_line' id='line_1_33' title="bbox 529 3506 792 3557; baseline 0 -11"><span class='ocrx_word' id='word_1_228' title='bbox 529 3507 567 3546; x_wconf 73' lang='lat'>214</span> <span class='ocrx_word' id='word_1_229' title='bbox 582 3511 647 3556; x_wconf 83' lang='lat' dir='ltr'>quem</span> <span class='ocrx_word' id='word_1_230' title='bbox 655 3506 680 3546; x_wconf 84' lang='grc' dir='ltr'>Ρ.</span> <span class='ocrx_word' id='word_1_231' title='bbox 691 3506 714 3548; x_wconf 77' lang='lat' dir='ltr'>F.</span> <span class='ocrx_word' id='word_1_232' title='bbox 725 3506 764 3557; x_wconf 82' lang='lat' dir='ltr'>qul</span> <span class='ocrx_word' id='word_1_233' title='bbox 772 3521 792 3547; x_wconf 73' lang='lat' dir='ltr'>a.</span> 
     </span>
    </p>
   </div>
   <div class='ocr_carea' id='block_1_7' title="bbox 0 0 1246 3950">
    <p class='ocr_par' dir='ltr' id='par_1_23' title="bbox 0 0 1246 3950">
     <span class='ocr_line' id='line_1_34' title="bbox 0 0 1246 3950; baseline 0 0"><span class='ocrx_word' id='word_1_234' title='bbox 0 0 1246 3950; x_wconf 95' lang='lat' dir='ltr'> </span> 
     </span>
    </p>
   </div>
  </div>
 </body>
</html>
