2484 3950
481 282 614 332 sardan
632 282 680 332 XV
743 281 746 287 “
989 286 1035 338 107

139 465 328 516 eac-ornere
338 465 395 513 will
409 469 452 512 root
466 465 537 512 touch
551 463 590 511 the
602 464 653 511 loelc
668 478 696 512 or
710 463 749 512 the
759 464 810 513 hid.
848 463 1034 526 Hamoaflesh,

202 544 317 603 however,
331 543 387 605 thoy
398 542 453 590 wc'll
470 547 569 601 eat-ot
582 541 654 602 thirty
670 557 736 590 more
751 546 849 604 stranea
860 541 913 589 aad
928 542 1037 590 horriblo

203 620 322 670 theotho
341 622 425 669 storias
444 621 473 682 of
491 620 666 681 Laestryporeeo
687 620 740 667 arrd
764 618 874 681 Cyclopea
895 618 976 667 which
998 619 1037 667 tho

203 700 309 748 Ithacae
319 700 382 761 hirco
392 699 457 746 tried
467 703 491 746 to
497 713 558 759 pass
569 697 605 758 off
612 712 644 745 ort
655 697 694 745 the
704 696 866 746 Phaeacibus.

139 818 256 873 Porrurn
270 821 299 874 et
313 834 378 889 cepe
391 815 469 872 nefas
482 814 586 871 violare
600 819 630 871 et
644 814 768 886 frangere
782 832 883 871 morsu.

139 914 163 971 Ο
178 919 288 971 sanctas
301 918 405 986 gentes,
421 912 522 985 quibus
536 911 603 968 haec
617 915 770 968 nascuntur
783 912 812 968 in
826 912 914 969 hortis
1013 942 1037 967 ιο

138 1013 260 1070 numina.
304 1012 420 1068 Lanatis
434 1009 601 1066 animalibus
614 1009 738 1066 abstinet
752 1010 840 1066 omnis

89 1115 96 1125 ’
139 1128 250 1180 mensa;
271 1109 348 1166 nefas
362 1108 419 1164 illic
433 1108 523 1164 fetum
536 1107 662 1178 iugulare
676 1106 812 1178 capellae:

139 1207 266 1264 carnibus
281 1206 409 1262 humanis
423 1205 497 1261 vesci
511 1203 582 1261 licet.
627 1203 758 1261 Attonito
772 1222 835 1260 cum

139 1305 195 1362 tale
209 1322 291 1377 super
304 1322 399 1361 cenam
414 1303 521 1359 facinus
535 1306 660 1358 narraret
675 1301 774 1358 Ulixes

139 1402 262 1472 Alcinoo,
279 1400 364 1458 bilem
378 1406 427 1456 aut
441 1401 527 1455 risum
541 1399 659 1455 fortasse
673 1398 839 1470 quibusdam
1013 1428 1036 1465 15

139 1504 271 1570 moverat,
286 1504 319 1555 ut
333 1498 453 1555 mendax
467 1496 630 1569 aretalogus.
677 1497 739 1553 “In
753 1515 828 1554 mare
841 1515 922 1554 nemo

139 1598 212 1653 hune
226 1597 318 1668 abicit,
335 1614 417 1653 saeva
431 1596 546 1667 dignum
559 1613 680 1667 veraque
696 1594 844 1668 Charybdi,

139 1695 290 1766 fingentem
303 1695 437 1750 immanes
452 1693 655 1765 Laestrygonas
669 1697 752 1765 atque
768 1690 922 1765 Cyclopas?

140 1793 215 1849 Nam
230 1793 312 1848 citius
327 1790 448 1864 Scyllam
462 1790 507 1847 vel
521 1791 711 1847 concurrentia
724 1809 791 1846 saxa

140 1890 266 1961 Cyaneis,
282 1889 377 1961 plenos
391 1895 419 1945 et
434 1889 647 1960 tempestatibus
661 1893 737 1945 utres

86 1971 89 1978 Δ
139 1988 309 2060 crediderim,
325 1992 375 2044 aut
389 1987 467 2043 tenui
480 2005 639 2059 percussum
654 1987 766 2044 verbere
782 1987 882 2060 Circes,

139 2093 168 2143 et
183 2104 245 2143 cum
259 2085 408 2157 remigibus
422 2085 566 2156 grunnisse
580 2084 718 2156 Elpenora
731 2085 826 2156 porcis

140 2185 209 2241 Tam
223 2184 304 2240 vacui
318 2183 416 2256 capitis
430 2182 563 2255 populum
578 2181 705 2238 Phaeaca
717 2182 872 2254 putavitl''

141 2282 187 2339 Sic
201 2282 300 2353 aliquis
314 2282 413 2338 merito
427 2280 550 2336 nondum
565 2279 656 2336 ebrius
671 2284 700 2335 et
713 2279 860 2335 minimum
875 2281 922 2351 qui

140 2380 175 2436 de
189 2378 341 2449 Corcyraea
355 2382 490 2435 temetum
504 2376 622 2433 duxerat
636 2394 722 2433 urna:
1013 2405 1037 2442 25

139 2475 215 2532 solus
230 2476 303 2532 enim
317 2476 369 2532 hoc
382 2475 498 2532 Ithacus
512 2474 589 2530 nullo
602 2474 655 2530 sub
669 2479 741 2530 teste
755 2474 879 2532 canebat.

141 2653 309 2704 area-We
320 2654 381 2702 hooc
394 2668 411 2700 o
421 2657 500 2701 recent
513 2652 562 2700 tole
573 2656 596 2699 to
608 2652 657 2709 tell,
670 2651 722 2699 aad
736 2666 753 2698 o
764 2656 819 2699 true
834 2666 884 2712 oreo,
899 2649 990 2712 thoayh
1001 2654 1038 2699 too

205 2734 363 2797 lrmrdblesor
374 2748 426 2795 aoy
437 2732 546 2794 troyedy.

141 2852 170 2908 N
171 2871 201 2909 os
215 2851 341 2908 miranda
355 2850 476 2922 quidem,
489 2849 538 2906 sed
551 2867 639 2921 nuper
653 2848 763 2905 consule
778 2848 864 2905 Iunco

140 2955 220 3024 gesta
233 2968 315 3022 super
328 2948 433 3004 calidae
447 2948 597 3005 referemus
611 2947 720 3003 moenie
737 2946 829 3018 Oopti,

140 3066 191 3104 nos
205 3047 282 3119 vulgi
296 3045 384 3103 scelus
398 3050 428 3102 et
442 3046 548 3102 cunctis
561 3045 688 3117 graviora
702 3044 851 3102 cothurnis.

141 3146 217 3202 Nam
227 3143 323 3216 scelus,
336 3143 472 3215 aPyrrha
480 3161 648 3215 quamquam
659 3144 751 3198 omnia
761 3147 883 3215 syrmata
893 3141 997 3214 volvae,
1014 3171 1040 3208 30

141 3242 235 3300 nullus
249 3241 322 3314 apud
338 3242 455 3312 tragicos
470 3240 588 3313 populus
602 3240 678 3297 facit.
721 3239 831 3311 Accipe,
847 3245 942 3296 nostro

142 3341 202 3398 dira
216 3340 289 3413 quod
303 3338 460 3411 exemplum
474 3339 570 3396 feritas
585 3337 745 3411 produxerit
758 3356 833 3395 aevo.

277 3460 301 3497 18
315 3459 338 3497 et
347 3456 454 3506 Cyclopas
463 3457 486 3494 Β.
626 3457 650 3495 27
666 3455 733 3495 iunco
742 3456 766 3496 P.
778 3455 801 3495 Β.
817 3453 881 3494 Iunio
889 3469 904 3497 ς.
