2484 3950
496 303 630 354 SATURA
649 304 673 353 X

130 451 362 523 suppositumque
376 451 444 507 rotis
455 450 575 506 solidum
589 468 682 507 mare:
705 449 840 505 credimus
855 447 927 504 altos

130 548 263 606 defecisse
277 566 372 605 amnes
386 554 522 621 epotaque
536 547 660 619 flumina,
677 546 761 603 Medo

130 646 294 720 prandente,
310 651 339 704 et
353 646 473 703 madidis
487 651 583 703 cantat
597 663 668 719 qnae
683 643 826 701 Sostratus
840 643 899 700 alis.

131 744 179 801 ille
194 749 288 801 tamen
302 744 393 817 qualis
406 744 490 801 rediit
505 743 645 801 Salamine
659 741 763 814 relicta,

131 843 162 898 in
177 841 279 898 Corum
293 847 377 915 atque
392 842 498 898 Eurum
511 841 611 898 solitus
625 840 729 897 saevire
742 839 859 911 flagellis
998 854 1035 892 180

131 939 274 1011 barbarus,
291 939 389 997 Aeolio
402 958 545 1013 nunquam
559 939 611 996 hoc
625 939 655 995 in
669 956 774 995 earcere
788 956 891 1010 passos,

132 1037 223 1109 ipsum
238 1038 416 1110 compedibus
430 1038 479 1110 qui
492 1038 620 1094 vinxerat
635 1035 858 1109 Ennosigaeuml

132 1135 234 1192 Mitius
247 1136 277 1193 id
291 1154 364 1208 sane,
380 1136 454 1209 quod
467 1154 522 1192 non
537 1141 566 1193 et
580 1136 710 1209 stigmate
725 1134 840 1207 dignum

133 1233 257 1291 credidit.
302 1233 377 1291 Huic
390 1235 537 1307 quisquam
551 1233 637 1291 vellet
651 1233 752 1290 6611116
767 1232 891 1288 Deorum
903 1235 913 1287 l

133 1331 189 1388 Sed
203 1331 293 1405 qualis
307 1332 408 1390 rediitl
429 1351 527 1406 nempe
541 1351 597 1388 una
610 1336 688 1404 nave,
706 1332 827 1388 cruentis
998 1347 1034 1396 185

132 1429 271 1502 fluctibus,
287 1448 320 1487 ac
333 1430 415 1487 tarda
427 1448 477 1503 per
490 1430 575 1487 densa
589 1429 723 1486 cadavera
736 1446 824 1502 prora.

134 1525 195 1583 Has
209 1528 312 1584 totiens
327 1533 423 1600 optata
437 1529 530 1600 exegit
543 1527 631 1600 gloria
644 1545 752 1600 poenas.

134 1711 343 1760 lecara-Mea
360 1726 429 1773 pray
448 1715 472 1759 to
490 1711 591 1774 Jupiter
606 1712 654 1773 for
677 1711 758 1772 lcaqtt
780 1711 809 1773 os
828 1710 880 1771 lise,
904 1709 945 1757 161
967 1707 1035 1757 rebat

197 1789 330 1850 desecanda
341 1789 393 1836 aad
408 1788 530 1836 accubasse
542 1803 618 1836 carnes
631 1788 693 1836 willo
708 1790 746 1838 it!
785 1786 861 1836 What
874 1786 989 1847 plenam-e
1005 1787 1035 1833 in

197 1865 262 1927 siqht
280 1881 308 1914 or
327 1866 407 1914 conrad
424 1867 554 1914 scaenicas?
594 1866 670 1914 What
686 1881 703 1913 a
720 1869 786 1926 troop
806 1864 1035 1926 crs’iaflrmillcsit

198 1943 300 2006 biceps!
316 1943 382 1992 aetat
399 1943 446 1992 loss
462 1944 491 2006 os
503 1958 569 1992 sense
584 1944 638 1992 aad
651 1957 768 2006 memory,
783 1941 851 1990 otae
862 1940 1035 1990 decoramenta

198 2021 388 2071 andaolitndel

177 2141 248 2197 “Da
262 2139 382 2212 spatium
396 2140 479 2213 vitae,
496 2141 599 2197 multos
613 2141 657 2211 da,
675 2140 788 2212 Iupiter,
806 2157 891 2195 annos
902 2139 929 2195 !''

134 2238 196 2294 Hoc
209 2242 284 2294 recto
297 2237 386 2309 vultu,
404 2238 493 2294 solum
507 2239 559 2295 hoc
572 2245 601 2295 et
615 2237 735 2312 pallidus
750 2242 836 2309 optas.

134 2333 189 2391 Sed
203 2352 287 2408 quam
301 2336 439 2392 continuis
453 2342 482 2393 et
496 2336 608 2409 quantis
623 2335 705 2407 longa
719 2339 845 2391 senectus
997 2362 1034 2400 190

133 2432 214 2504 plena
228 2431 325 2489 malis!
368 2431 528 2489 Deformem
543 2438 572 2490 et
586 2437 708 2489 taetrum
722 2434 787 2487 ante
801 2430 893 2487 omnia
906 2429 1017 2487 vultum

134 2528 350 2601 dissimilemque
364 2529 415 2601 sui,
432 2529 583 2587 deformem
596 2548 646 2601 pro
661 2533 724 2585 cute
738 2527 845 2600 pellem,

134 2627 338 2700 pendentesque
351 2646 436 2700 genas
451 2632 480 2684 et
493 2627 564 2684 tales
578 2628 669 2699 aspice
683 2644 772 2699 rugas,

134 2722 235 2796 quales,
251 2723 416 2781 umbriferos
430 2724 479 2781 ubi
493 2723 591 2798 pandit
605 2722 728 2780 Tabraca
742 2723 837 2795 saltus

134 2820 163 2876 in
176 2819 272 2876 vetula
286 2820 384 2893 scalpit
398 2821 454 2877 iam
469 2827 558 2878 mater
571 2819 652 2877 simia
665 2821 758 2879 bucca.
998 2849 1033 2888 19⁵

135 2914 258 2974 Plurima
272 2923 338 2974 sunt
352 2918 484 2975 iuvenum
498 2917 673 2976 discrimina:
694 2917 814 2991 pulcrior
827 2916 874 2974 ille

135 3011 192 3086 hoe,
208 3020 293 3087 atque
307 3015 354 3072 ille
368 3015 440 3089 alio;
461 3015 583 3072 multum
597 3016 642 3071 hic
656 3014 794 3071 robustior
807 3014 872 3071 illc:

135 3130 190 3168 una
203 3130 300 3169 senum
314 3113 405 3186 facies,
421 3131 485 3170 cum
499 3132 564 3170 voce
578 3113 727 3170 trementia
740 3112 871 3184 membra,

134 3214 162 3266 61
175 3209 230 3265 iam
244 3209 305 3267 leve
320 3216 404 3283 capnt
417 3210 576 3283 madidique
590 3209 710 3266 infantia
724 3208 790 3265 nasi.

134 3306 312 3379 frangendus
326 3307 425 3363 misero
438 3306 551 3380 gingiva
563 3306 643 3379 panis
657 3306 771 3364 inermi:
995 3334 1033 3361 ιω

133 3421 218 3477 usque
232 3403 301 3460 adeo
314 3404 407 3477 gravis
420 3405 500 3461 uxori
513 3405 641 3476 natisque
655 3402 769 3477 sibique,

459 3524 497 3565 189
509 3522 551 3565 hoc
560 3523 606 3564 alto
614 3521 675 3565 racto
683 3523 707 3564 P.
