2484 3950
193 279 240 328 104
458 277 490 328 D.
512 277 605 328 IUNII
625 277 815 329 IUVENALIS

192 441 311 497 corpora,
330 426 431 497 quique
446 423 516 481 solet
530 429 637 480 rectum
651 424 815 481 descendere
829 423 931 493 funem,

192 539 276 595 quam
291 526 331 593 tu,
349 521 465 594 Corycia
478 539 585 594 semper
599 523 647 594 qui
661 540 752 595 puppe
766 522 881 578 moraris

193 624 277 693 atque
291 619 410 691 habitas,
428 618 499 675 (loro
513 637 621 692 semper
635 619 774 676 tollendus
789 625 818 676 et
831 620 944 692 Austro,

193 715 317 789 perditus
331 733 363 771 ac
377 714 441 772 vilis
455 717 527 772 sacci
540 721 676 772 mercator
690 717 798 788 olentis,

193 813 241 884 qui
255 811 358 884 gaudes
371 813 473 885 pingue
487 814 619 885 antiquae
633 813 667 870 de
680 814 762 870 litore
777 814 876 872 Cretae
1055 846 1093 882 270

193 928 312 982 passum,
329 916 358 966 et
371 910 524 983 municipes
539 910 616 967 Iovis
630 910 776 968 advexisse
790 911 923 983 lagonasl

195 1007 249 1063 Hic
263 1013 357 1064 tamen
371 1009 486 1082 ancipiti
501 1009 587 1081 figens
601 1009 720 1081 vestigia
733 1008 831 1082 planta

193 1105 300 1161 victum
313 1105 363 1162 illa
376 1106 500 1163 mercede
513 1112 594 1179 parat
611 1107 793 1179 brumamque
807 1107 963 1179 famemque

193 1201 242 1258 illa
256 1207 329 1259 reste
343 1208 423 1260 cavet
435 1225 441 1260 :
463 1209 495 1261 tu
509 1209 622 1277 propter
635 1203 712 1260 mille
727 1203 834 1261 talenta

194 1305 222 1357 et
236 1306 347 1357 centum
361 1300 444 1358 villas
458 1301 628 1358 temerarius.
669 1301 770 1373 Aspice
784 1306 880 1373 portus
1055 1329 1091 1366 2⁷⁵

193 1402 222 1454 et
236 1396 350 1469 plenum
363 1398 472 1469 magnis
483 1397 610 1454 trabibus
625 1416 719 1470 mare3
740 1397 803 1470 plus
813 1397 957 1454 hominum
972 1403 1014 1455 est
1028 1398 1084 1454 iam

193 1496 222 1551 in
236 1495 351 1568 pelag03
371 1496 465 1552 veniet
479 1495 581 1567 classis,
598 1514 761 1569 quocunque
775 1497 880 1553 vocarit

193 1611 255 1665 spes
269 1591 346 1662 lucri,
362 1610 412 1649 nec
427 1591 610 1664 Carpathium
625 1592 799 1664 Gaetulaque
813 1597 924 1649 tantum

194 1709 313 1763 aequora
327 1690 474 1761 transiliet,
490 1689 546 1760 sed,
563 1690 644 1761 longe
660 1688 746 1762 Calpe
759 1691 863 1762 relicta,

194 1788 289 1844 audiet
304 1787 441 1843 Herculeo
454 1786 620 1843 stridentem
634 1787 744 1858 gurgite
758 1785 852 1844 solem.
1055 1805 1093 1843 280

195 1883 306 1943 Grande
321 1902 417 1956 operae
431 1885 551 1956 pretium
566 1889 616 1953 est,
633 1888 666 1939 ut
680 1888 759 1940 tenso
773 1883 838 1940 folle
852 1885 953 1941 reverti

193 1984 257 2042 inde
272 1983 385 2040 domum
399 1985 494 2056 possis,
511 1982 673 2055 tumidaque
687 1983 821 2055 superbus
835 1983 919 2053 aluta,

194 2064 297 2138 Oceani
310 2086 434 2137 monstra
448 2085 476 2138 et
490 2081 604 2137 iuvenes
618 2080 721 2136 vidisse
735 2081 861 2136 marinos.

195 2288 461 2337 284-302.-Mcdrrccs
471 2288 517 2336 lior
527 2289 621 2336 diverse
626 2289 711 2350 scruas
719 2306 730 2346 ,·
746 2302 790 2334 orac
801 2288 824 2335 c'c
834 2302 870 2335 aa
883 2287 980 2348 Oroates
992 2289 1094 2337 another

258 2381 294 2413 aa
304 2366 374 2427 Ajox
381 2383 392 2424 ,·
409 2366 451 2414 tut
462 2366 500 2414 ilic
511 2366 571 2413 rusb
582 2365 720 2426 sbrporoncr
730 2367 754 2412 r's
763 2379 793 2412 aa
803 2365 864 2413 mad
874 2380 903 2413 aa
913 2380 966 2427 arcy
976 2368 1005 2429 of
1012 2366 1084 2415 rum.

195 2485 260 2541 Non
274 2502 346 2540 nnus
360 2489 468 2541 mentes
482 2484 571 2556 agitat
585 2483 669 2541 furor.
713 2482 766 2539 Ille
780 2483 879 2538 sororis

193 2584 223 2639 in
237 2583 365 2639 manibus
378 2582 461 2639 vultu
475 2581 661 2639 Eumenidum
675 2586 796 2638 terretur
809 2586 838 2637 et
851 2581 917 2653 igni,
1057 2599 1094 2647 2⁸5

194 2680 240 2737 hic
254 2680 324 2737 bove
338 2699 466 2753 percusso
480 2682 586 2754 mugire
600 2681 811 2752 Agamemnona
825 2680 912 2737 credit

194 2784 244 2835 aut
259 2778 397 2837 Ithacum.
442 2779 542 2835 Pareat
556 2779 658 2835 tunicis
672 2778 738 2835 licet
752 2784 836 2851 atquc
849 2778 973 2849 boemis,

195 2876 329 2932 curatoris
343 2881 406 2948 eget
420 2877 468 2948 qui
482 2894 581 2933 navem
595 2877 732 2934 mercibus
746 2876 844 2947 implet

194 2974 230 3031 ad
244 2993 384 3031 summum
398 2974 481 3046 latus,
497 2980 526 3031 et
540 2974 637 3031 tabula
650 2974 832 3046 distinguitur
845 2973 928 3044 unda,

195 3092 259 3130 cum
273 3074 310 3129 sit
324 3091 407 3130 causa
420 3072 487 3129 mali
502 3074 575 3130 tanti
590 3078 619 3129 et
633 3072 799 3129 discriminis
813 3070 896 3127 huius
1057 3100 1096 3137 290

195 3173 333 3230 concisum
347 3176 493 3244 argentum
506 3172 536 3227 in
550 3170 649 3227 titulos
663 3171 800 3241 faciesque
814 3170 942 3226 minutas.

196 3270 350 3328 Occurrunt
364 3269 452 3326 nubes
466 3274 495 3326 et
508 3268 637 3341 fulgura:
657 3270 678 3300 “
687 3267 787 3324 solvite
801 3266 922 3339 funem,''

195 3368 327 3425 frumenti
342 3366 470 3423 dominus
484 3367 586 3424 clamat
599 3366 755 3439 piperisque
769 3367 906 3438 coempti3

198 3465 275 3522 “Nil
290 3466 363 3522 color
376 3466 421 3522 hic
435 3466 511 3536 caeli,
528 3465 567 3521 nil
582 3465 668 3522 fascia
681 3465 760 3535 nigra
773 3466 896 3521 minatur
908 3484 916 3534 ;
