2484 3950
191 302 222 355 72
458 304 489 353 D.
511 302 605 354 IUNII
621 302 820 356 IUVENALIS.

190 508 341 570 occa-Jf
352 523 402 570 you
412 508 468 557 aoill
479 509 537 558 dioc
548 509 610 558 with
620 525 659 558 mc
670 510 763 572 coucy,
777 510 897 571 Persicus,
911 524 961 573 you
971 509 1038 559 alurll
1052 525 1087 560 acc

253 586 360 635 aaaron
371 602 399 636 or
408 592 450 636 aot
460 587 481 635 I
482 590 590 650 practice
601 589 668 638 what
679 589 700 637 I
702 588 801 651 prcoch.

230 701 377 775 Experiere
391 702 481 773 hodie,
497 703 632 776 numquid
646 703 831 777 pulcherrima
844 703 928 776 dictu,

190 799 306 871 Persice,
323 818 378 857 non
391 806 529 873 praestem
542 803 603 858 vita
616 819 667 859 nec
680 802 803 859 moribus
817 807 846 859 et
859 820 907 874 re3

189 897 213 953 si
227 894 338 954 laudem
352 897 466 970 siliquas
481 898 604 955 occultus
618 917 724 972 ganeo;
744 898 837 972 pultes

189 1013 281 1051 coram
295 994 357 1051 aliis
371 994 474 1052 dictem
487 1014 581 1069 puero,
597 997 646 1054 sed
660 998 689 1053 in
703 1015 768 1053 auro
782 997 930 1070 placentas.

189 1093 265 1151 Nam
279 1112 342 1152 cum
356 1096 394 1152 sis
407 1097 524 1153 conviva
537 1096 607 1152 mihi
620 1096 778 1169 promissus,
794 1094 910 1152 habebis
1063 1113 1089 1152 ⁶0

188 1190 359 1263 Evandrum,
375 1193 468 1250 venies
483 1193 646 1265 Tirynthius
660 1199 710 1250 aut
723 1194 813 1250 minor
826 1193 874 1251 iilo

189 1288 289 1362 hospes
303 1294 332 1346 et
345 1291 404 1362 ipse
418 1295 512 1347 tamen
526 1292 689 1363 contingens
702 1292 836 1364 sanguine
849 1290 974 1351 caelum:

189 1386 262 1444 alter
275 1388 363 1461 aquis,
379 1387 451 1445 alter
464 1388 584 1445 flammis
598 1388 635 1445 ad
648 1388 739 1445 sidera
753 1389 861 1447 missus.

188 1570 305 1619 64·81.-
312 1571 382 1619 Your
394 1570 441 1619 till
452 1572 544 1633 offere
551 1570 619 1619 shall
631 1570 656 1619 bc
663 1587 680 1619 u
689 1572 735 1620 leid
739 1573 812 1635 from
827 1572 915 1632 Tibur,
929 1586 993 1621 aocnc
1002 1586 1087 1634 aspar·

251 1664 320 1711 agras,
335 1664 399 1698 sorice
409 1648 483 1710 fresh
500 1649 556 1697 laid
572 1663 626 1711 eppo
642 1649 695 1697 aad
704 1651 794 1713 frui&
811 1665 828 1698 u
844 1650 936 1699 utam
950 1651 980 1698 c'rc
989 1650 1089 1712 somer

251 1728 313 1789 dags
329 1727 389 1789 good
405 1727 500 1791 ccaouph
510 1728 557 1789 sor
573 1741 590 1775 o
603 1732 708 1786 secutor,
721 1727 813 1789 though
828 1743 884 1777 uoco
895 1742 912 1776 o
928 1728 994 1777 clauc
1004 1727 1089 1777 world

250 1806 343 1870 damme
354 1807 381 1855 c.

188 1909 304 1967 Fercula
316 1928 390 1967 nunc
403 1910 469 1967 audi
483 1909 567 1967 nullis
581 1915 680 1967 omata
693 1910 822 1969 macellis.
1051 1978 1057 1991 ⁹

187 2009 231 2067 De
245 2008 391 2066 Tiburtino
405 2010 499 2066 veniet
512 2009 711 2083 pinguissimus
725 2028 791 2082 agro
1000 2072 1004 2078 ,
1063 2028 1087 2076 ⁶5

186 2106 322 2164 haedulus
336 2112 365 2165 et
379 2111 440 2164 toto
453 2125 535 2180 grege
549 2107 667 2179 mollior,
683 2107 785 2164 inscius
799 2107 907 2179 herbae,

185 2204 304 2262 necdum
318 2223 402 2261 ausus
416 2206 508 2279 virgas
522 2205 636 2262 humilis
650 2205 774 2263 mordere
788 2205 887 2277 salicti,

185 2303 234 2375 qui
247 2301 311 2376 plus
324 2302 405 2359 lactis
418 2302 512 2374 habet,
528 2321 612 2376 quam
626 2303 776 2376 sanguinis,
793 2309 823 2361 et
836 2304 963 2361 montani

185 2400 320 2474 asparagI,
336 2401 427 2474 posito
442 2419 511 2474 quos
523 2401 593 2475 legit
606 2401 690 2459 vilica
703 2402 772 2459 fuso.

186 2497 310 2556 Grandia
323 2502 464 2570 practerea
477 2503 605 2572 tortoque
619 2498 739 2556 calentia
752 2498 831 2555 faeno

185 2614 239 2653 ova
252 2595 356 2653 adsunt
369 2596 437 2669 ipsis
451 2614 514 2653 cum
527 2595 673 2668 matribus,
689 2602 718 2653 et
732 2601 857 2653 servatas

185 2697 264 2766 parte
278 2692 352 2765 anni,
369 2692 465 2766 quales
479 2692 590 2750 fuerant
603 2693 633 2748 in
647 2692 761 2764 vitibus,
778 2710 865 2751 uvae:

185 2789 332 2863 Signinum
347 2790 514 2862 Syn'urnque
526 2789 627 2862 pirum,
643 2789 677 2846 de
691 2789 819 2847 corbibus
832 2788 920 2846 isdem

185 2886 295 2945 aemula
308 2886 417 2944 Picenis
431 2892 461 2943 et
474 2886 566 2943 odoris
579 2885 654 2943 mala
667 2887 793 2957 recentis,

185 3002 235 3041 nec
249 2984 398 3042 metuenda
412 2984 473 3055 tibi,
489 2984 622 3041 siccatum
637 2983 738 3057 frigore
751 2988 897 3056 postquam
1061 3009 1085 3049 ⁷⁵

184 3088 352 3141 autumnum
365 3088 395 3139 et
408 3081 487 3139 crudi
500 3100 614 3155 posuere
628 3082 751 3154 pericula
763 3082 844 3142 succi

185 3182 263 3239 Haec
277 3180 343 3239 olim
358 3181 446 3237 nostri
460 3181 516 3237 iam
529 3180 672 3238 luxuriosa
686 3184 798 3239 senatus

184 3300 252 3339 cona
265 3280 328 3338 fuit.
373 3279 483 3349 (huius,
497 3298 583 3352 parvo
597 3299 668 3354 quae
681 3278 787 3353 legerat
800 3280 889 3352 horto,

184 3383 243 3456 ipse
257 3379 326 3438 focis
339 3379 470 3437 brevibus
484 3380 605 3453 ponebat
618 3379 750 3453 oluscula,
766 3399 836 3454 quae
849 3397 922 3438 nunc

389 3510 414 3555 67
427 3512 491 3563 vain
501 3529 522 3555 u.
675 3515 700 3555 68
713 3513 732 3554 si
741 3514 765 3554 P.
776 3512 815 3555 ssd
822 3523 843 3564 p.
854 3527 875 3552 a
