2484 3950
159 360 161 363 .
209 321 240 368 30
484 319 515 367 D.
537 318 631 368 IUNII
651 318 841 369 IUVENALIS

208 462 328 519 Instruit
341 481 406 536 ergo
419 462 511 520 forum
525 465 684 536 provincia:
706 465 826 522 sumitur
839 464 916 521 illine

182 601 184 605 η
208 560 282 631 quod
296 564 423 633 captator
437 565 512 618 emat
526 561 642 633 Laenas,
659 561 774 639 Aurelia
787 562 898 619 vendat.

208 757 437 806 talou—Varro
453 759 477 806 ia
492 759 575 807 servaci
596 759 658 807 warh
681 774 698 807 a
717 760 830 823 Mmprey
840 761 913 822 from
934 760 974 809 rte
995 760 1105 810 Siciliae

272 833 382 892 Struita;
405 835 481 897 besara
497 851 547 898 you
563 837 587 884 ia
598 836 689 898 plnaed
705 852 722 885 a
734 838 794 900 pilae
811 837 900 900 eaupbt
917 838 1006 887 almost
1022 838 1052 886 in
1068 837 1105 886 aba
1207 878 1208 883 ,

270 911 361 959 druiaa
372 914 401 975 os
408 912 446 960 the
457 914 566 962 Subura.

111 1047 115 1053 ·
206 1024 318 1082 Virroni
332 1045 464 1084 muraena
477 1028 568 1101 datur,
585 1047 656 1102 quae
670 1030 792 1087 maxima
806 1031 884 1087 venit

205 1125 314 1196 gurgite
327 1124 362 1181 de
377 1124 486 1184 Siculo:
508 1144 581 1198 nam,
597 1127 666 1184 dum
679 1146 708 1184 se
723 1128 847 1185 eontinet
861 1127 972 1198 Auster,
1069 1157 1105 1183 ιω

205 1220 272 1277 dum
286 1222 364 1279 sedet
378 1227 406 1280 et
420 1224 505 1280 siccat
519 1224 646 1281 madidas
659 1225 689 1281 in
703 1243 809 1283 caruere
823 1225 929 1299 pinnas,

205 1324 386 1376 contemnunt
400 1321 519 1378 mediam
533 1323 680 1380 temeraria
693 1322 751 1378 lina
766 1321 945 1393 Charybdim.

205 1418 263 1475 Vos
277 1419 399 1491 anguilla
413 1424 508 1476 manet
522 1419 619 1493 longae
634 1426 752 1493 cognata
765 1420 901 1489 colubrae,

204 1521 254 1573 aut
267 1516 355 1589 glaeie
369 1535 495 1591 aspersus
509 1517 625 1574 mansilis
640 1517 794 1587 Tiberinus,
811 1523 840 1573 et
855 1518 914 1589 ipse

203 1613 319 1670 vernula
331 1615 462 1687 riparum,
478 1614 588 1686 pinguis
602 1619 725 1671 torrente
740 1615 839 1687 cloaca,

203 1717 232 1769 et
246 1712 345 1769 solitus
359 1712 466 1769 mediae
480 1716 605 1783 cryptam
619 1717 763 1783 penetrare
778 1712 911 1769 Suburae.

203 1907 379 1958 107-113.-“
394 1909 436 1958 We
452 1909 483 1957 do
499 1913 540 1957 nor
556 1912 633 1969 arpena
650 1912 673 1955 to
684 1907 743 1969 find
759 1908 790 1955 in
805 1923 861 1970 you,
885 1908 965 1963 Virro,
983 1922 1001 1955 a
1016 1909 1101 1956 second

267 1987 357 2035 Seneca
368 2003 395 2035 or
411 1988 475 2043 Pa'ao,
489 1987 530 2034 bnt
541 2001 576 2034 wa
593 1986 624 2033 do
640 1986 717 2034 alaim
734 1986 787 2033 rana
803 2001 853 2048 you
863 1985 953 2034 abeuld
969 1987 1028 2034 dirae
1044 2002 1072 2034 aa
1083 2003 1101 2035 a

266 2065 353 2112 citizen
363 2079 454 2126 among
464 2061 590 2112 citizamss'

242 2181 301 2252 Ipsi
314 2200 402 2253 pauca
416 2181 506 2253 velim,
523 2180 632 2236 facilem
646 2180 670 2236 si
684 2180 815 2254 praebeat
829 2198 931 2237 aurem.

206 2279 320 2336 “Nemo
333 2280 413 2352 petit,
426 2278 540 2336 modieis
554 2297 625 2351 quae
638 2279 825 2335 mittebantur
839 2277 935 2333 amieis

200 2398 218 2435 a
231 2377 342 2449 Seneca,
358 2396 428 2450 quae
443 2377 508 2434 Piso
522 2377 619 2448 bonus,
636 2395 706 2450 quae
722 2376 807 2433 (latta
821 2375 928 2433 solebat

200 2476 310 2549 largiri:
332 2493 450 2548 namque
464 2479 493 2532 et
508 2474 599 2531 titulis
613 2479 642 2532 et
656 2474 777 2531 fascibus
791 2473 858 2530 olim

200 2574 286 2630 maior
299 2573 454 2630 habebatur
467 2571 588 2628 donandi
601 2571 706 2643 gloria:
728 2571 819 2628 solum

198 2672 343 2746 posuimus,
360 2676 393 2728 ut
406 2688 486 2728 cenes
500 2669 626 2727 civiliter.
671 2669 733 2727 Hoc
747 2668 791 2726 fae
805 2673 834 2725 et
848 2673 917 2739 este,

199 2775 266 2842 este,
282 2775 315 2827 ut
329 2788 402 2826 nune
416 2768 506 2839 multi,
522 2768 600 2825 dives
614 2768 676 2839 tibi,
692 2785 796 2840 pauper
810 2766 932 2824 amieis.''

199 2963 400 3012 nana-Hir
415 2967 472 3012 areat
488 2977 570 3012 ceurae
586 2964 609 3010 a'a
625 2977 643 3010 u
653 2964 738 3023 gooae’a
750 2961 819 3020 liner,
840 2975 868 3009 er
884 2975 901 3007 a
915 2959 978 3008 wild
995 2959 1096 3019 bour,—

262 3038 324 3095 alan,
345 3040 372 3102 if
387 3039 425 3087 the
444 3038 550 3087 westher
568 3039 640 3098 suita,
662 3052 726 3085 aonia
745 3036 898 3084 nruabronrrar
911 3036 984 3097 from
1003 3034 1092 3096 Libya,

261 3116 342 3165 anbicb
352 3133 395 3166 arr
406 3117 436 3181 (γ’
446 3116 520 3166 marla
531 3131 597 3165 mare
608 3118 760 3178 impertrare
771 3119 793 3162 to
808 3129 854 3162 our
864 3115 972 3176 eprburea
983 3111 1045 3161 than
1058 3113 1097 3161 ull

260 3196 293 3243 ab
304 3210 368 3245 wira

237 3310 351 3367 Anseris
364 3316 429 3367 ante
444 3312 535 3383 ipsum
549 3311 644 3384 magni
658 3310 740 3381 ieeur,
757 3308 899 3365 anseribus
914 3325 964 3380 par

196 3408 282 3465 altilis
297 3413 325 3465 et
339 3409 405 3465 flavi
419 3409 519 3481 dignm
533 3408 604 3466 ferro
619 3407 754 3480 Meleagri
1059 3432 1095 3470 11⁵

581 3515 617 3552 112
630 3510 696 3553 faetet
705 3510 727 3551 P.
