2484 3950
197 287 227 334 24
352 344 353 347 Ἴ
471 281 502 331 n.
525 281 619 332 mun
639 280 828 331 rursusne

197 427 302 486 ancus
316 428 451 498 adulator,
468 426 599 499 dirusque
614 444 631 483 a
645 429 729 499 ponte
743 425 861 497 satelles,

196 525 296 598 dignus
310 526 437 582 Aricinos
451 524 500 597 qui
514 523 686 580 mendicaret
699 523 735 579 ad
749 541 823 594 axes,
921 524 927 533 '

195 622 353 696 blandaque
367 623 487 680 devexae
502 624 619 679 iactaret
632 622 711 680 basia
724 622 812 681 redae.

195 719 224 777 N
226 739 286 777 erno
300 722 389 794 magis
402 719 550 776 rhombum
564 719 692 793 stupuit:
713 738 778 776 nam
792 721 911 792 plurima
923 721 996 780 dixit

195 820 225 875 in
239 816 350 875 laevum
365 835 529 876 conversus:
551 817 637 874 atilli
651 817 751 874 dextra
764 818 872 875 iacebat
947 816 952 837 ⁴
1058 850 1093 876 120

195 913 294 973 bellua
339 915 386 973 Sic
399 924 506 988 pugnas
522 915 617 972 cilicis
630 914 764 972 laudabat
778 920 808 971 et
821 915 901 988 ictus,

194 1018 223 1070 et
237 1030 336 1085 pegma
349 1018 378 1069 et
392 1030 492 1086 pueros
505 1012 571 1069 inde
584 1013 621 1068 ad
635 1012 740 1069 velaria
753 1016 855 1085 raptos.

196 1190 448 1240 123·135.—Vcr'anto
459 1191 544 1240 thinks
554 1192 593 1240 tha
604 1192 706 1241 adiurat
716 1208 733 1240 a
739 1197 838 1255 portent
845 1212 855 1252 ,·
872 1194 1015 1254 Montanus,
1028 1209 1094 1243 more
1197 1153 1201 1162 Ι

253 1271 383 1331 praetiosi,
393 1284 508 1332 proposes
518 1269 572 1317 roae
583 1285 600 1317 u
611 1269 670 1317 olislr
678 1270 768 1318 should
779 1270 804 1318 bc
809 1271 944 1332 sortlrwitb
955 1273 1033 1321 orado

193 1382 259 1440 Non
272 1384 347 1441 cedit
361 1384 487 1456 Veiente,
503 1384 552 1442 scd
565 1390 599 1441 ut
612 1385 760 1457 fanaticus,
774 1391 865 1442 oestm

192 1499 345 1554 percussus,
362 1481 485 1553 Bellona,
503 1487 560 1553 tuo,
576 1483 687 1540 divinat
700 1489 737 1555 et,
756 1484 878 1556 “ingens

193 1597 273 1636 omen
287 1579 397 1650 babes,”
411 1580 512 1652 inquit,
530 1582 546 1610 “
555 1581 649 1652 magni
664 1580 785 1653 clarique
799 1582 952 1655 triumphi:
1058 1610 1093 1647 ης
1207 1578 1208 1583 ’

193 1697 285 1752 regem
299 1678 420 1751 aliquem
434 1678 532 1750 capies,
548 1683 599 1734 aut
612 1678 648 1735 de
663 1684 772 1737 temone
787 1680 922 1736 Britanno

192 1776 300 1833 excidet
314 1776 484 1848 Aruiragus:
506 1776 650 1847 peregrina
664 1781 707 1832 est
721 1775 831 1834 bellua:
853 1779 941 1833 cernis

192 1878 297 1930 erectas
310 1872 341 1928 in
354 1877 433 1943 terga
446 1870 528 1928 sudes
536 1871 547 1928 l
555 1870 570 1897 ’²
613 1872 676 1929 Hoc
689 1871 780 1929 defuit
793 1891 880 1930 unum

193 1971 327 2042 Fabricio,
343 1971 463 2043 patriam
477 1975 511 2027 ut
524 1969 635 2028 rhombi
649 1977 814 2028 memoraret
828 1977 858 2028 et
871 1991 965 2032 annos.

192 2075 208 2102 “
214 2069 354 2140 Quidnam
364 2070 451 2142 igitur
461 2069 574 2127 censesl
594 2069 749 2126 conciditur
758 2070 791 2127 l''
833 2071 939 2127 “Absit
949 2071 985 2127 ab
996 2071 1044 2128 illo
1055 2102 1093 2138 130

191 2167 309 2247 dedecus
323 2166 399 2238 hoo‚’'
415 2166 568 2224 Montanus
581 2167 629 2225 ait.
676 2167 786 2225 “Testa
800 2168 859 2225 alta
872 2175 991 2241 paretur,

191 2282 262 2338 quae
275 2264 353 2322 tenui
367 2281 446 2320 muro
460 2264 614 2336 spatiosum
629 2264 741 2337 colligat
755 2265 857 2324 orbem.

191 2361 318 2419 Debetur
332 2378 448 2433 magnus
462 2362 574 2434 patinae
588 2361 754 2434 subitusque
769 2361 958 2423 Prometheus.

191 2458 327 2532 Argilium
341 2465 425 2531 atque
439 2465 530 2516 rotam
544 2459 628 2516 citius
641 2465 803 2532 properate:
825 2461 874 2517 sed
888 2479 922 2518 ex
935 2464 987 2519 hoc

189 2564 312 2631 tempore
326 2559 390 2630 iarn,
407 2557 517 2627 Caesar,
531 2556 610 2630 figuli
625 2563 675 2615 tua
688 2563 778 2615 castra
791 2560 965 2631 sequantur.''
1055 2590 1091 2627 13⁵

190 2761 405 2811 molid—This
415 2762 522 2821 mmcd,
533 2762 571 2809 tho
576 2762 681 2823 friends
689 2763 717 2824 os
725 2762 763 2810 tha
774 2778 881 2825 emperor
889 2779 950 2813 were
961 2766 1093 2814 disertmort

253 2856 282 2889 os
292 2839 522 2900 ammomoaicaely
533 2854 563 2886 ue
573 2838 630 2900 thoy
641 2838 693 2886 had
704 2839 760 2887 beon
770 2842 921 2890 summoned.

189 2970 266 3028 Vicit
280 2970 364 3042 digna
377 2971 438 3025 viro
451 2969 609 3027 sententia:
631 2974 747 3025 noverat
761 2969 808 3026 ille

188 3068 326 3125 luxuriam
341 3067 450 3140 imperii
463 3072 587 3124 veterem
601 3072 751 3139 noctesque
765 3067 885 3123 Neronis

189 3165 246 3221 iam
260 3163 366 3219 medias
380 3164 519 3236 aliamque
532 3164 644 3235 famem,
661 3182 723 3220 oum
738 3163 833 3237 pulmo
847 3164 964 3221 Falerno

187 3262 304 3320 arderet.
348 3261 430 3318 Nulli
444 3262 532 3318 maior
546 3262 602 3319 fuit
616 3281 684 3319 usus
699 3262 798 3319 edendi

188 3364 355 3433 tempestate
368 3378 436 3418 mea
482 3359 585 3417 Circeis
599 3366 668 3416 nata
682 3361 780 3431 forent,
796 3378 832 3416 an

189 3457 339 3515 Lucrinum
353 3458 389 3514 ad
403 3476 501 3514 saxum
516 3457 696 3531 Rutupinove
710 3458 786 3516 edita
800 3457 887 3515 fundo
