2484 3950
494 320 630 373 SATURA
648 319 685 372 XI

141 467 284 539 squalidus
298 469 327 524 in
341 486 443 541 magna
455 467 566 525 fastidit
579 467 710 541 compede
723 466 818 537 foeeor,
1018 481 1045 521 ao

141 567 190 638 qui
203 566 339 637 meminit,
355 566 460 623 calidae
474 567 566 639 sapiat
579 565 647 638 quid
661 565 747 623 vulva
760 565 885 637 popinae.

142 743 325 794 enta-om
336 745 454 794 damon
461 745 515 794 aad
525 744 622 794 emwutc
630 757 692 792 wera
702 743 764 806 qlod
774 746 798 791 to
805 755 870 791 corno
880 745 904 791 to
914 756 932 790 a
942 738 1045 803 dapar

205 823 278 872 meat.

142 937 214 995 Sicci
229 943 307 1012 terga
320 939 386 1011 suis,
402 957 465 996 rara
477 937 628 1011 pendentia
641 943 723 1009 crate,

142 1033 227 1089 moris
240 1038 300 1090 erat
313 1033 453 1106 quondam
467 1033 547 1091 feetie
560 1050 670 1090 servare
684 1031 781 1089 diebus

142 1135 171 1187 et
185 1130 347 1188 natalicium
361 1131 486 1204 cognatis
499 1148 601 1204 ponere
613 1129 732 1202 lardum,

142 1227 287 1285 accedente
301 1246 381 1297 nova,
397 1229 520 1301 siquam
534 1228 621 1285 dabat
635 1227 736 1298 boetia,
752 1245 839 1284 carne.
1021 1242 1045 1292 as

143 1323 331 1398 (ingratorum
345 1326 447 1398 aliquia
461 1325 545 1383 titulo
560 1331 603 1382 ter
616 1324 736 1383 consulis
749 1330 833 1399 atquc

142 1427 295 1480 castrorum
309 1424 432 1497 imperiis
446 1428 476 1480 et
489 1423 633 1480 dictatorie
646 1423 749 1480 bonore

141 1522 262 1592 fumctm,
279 1521 315 1578 ad
328 1521 379 1578 hae
393 1521 488 1594 epulae
502 1521 585 1579 sclito
598 1522 736 1578 maturius
750 1521 818 1592 ibat,

141 1623 263 1676 erectum
278 1617 384 1675 domito
398 1618 518 1675 referens
532 1623 657 1676 amente
671 1617 800 1691 figorem.

142 1796 308 1845 collo-la
318 1796 358 1845 tha
370 1797 433 1858 days
444 1798 473 1858 os
485 1796 524 1844 tha
541 1795 617 1844 Fabii
628 1797 681 1844 arrd
699 1796 766 1857 Cata,
780 1811 812 1845 oo
823 1797 990 1845 onocrocolon
1005 1796 1046 1846 bie

112 1925 115 1933 ,
206 1874 270 1922 baud
281 1874 354 1923 about
365 1874 462 1923 coroehoe
470 1875 500 1935 cf
512 1873 690 1933 walaiae-aluit,
703 1889 750 1922 nor
760 1875 807 1923 did
823 1874 862 1924 rte
872 1875 975 1924 acidiora
985 1890 1043 1923 rara

205 1953 263 2002 aaa
279 1952 318 2002 tho
334 1952 438 2015 arcemur
455 1953 523 2015 booty
533 1952 579 2015 sor
596 1956 718 2002 traacuraa
735 1953 825 2016 ‹rsart
878 1953 955 2003 Wnur
971 1952 1046 2003 dicer

205 2030 262 2093 they
271 2030 331 2091 bad,
345 2031 455 2080 adam
465 2030 531 2079 tlair
538 2046 627 2090 arnan
644 2030 812 2080 aorttcuaourc
820 2046 873 2080 war
880 2031 941 2094 qood
951 2031 1046 2095 cantab

205 2113 230 2158 to
241 2109 364 2171 eotsrom.

142 2223 215 2281 (lum
228 2229 379 2282 tremerent
394 2229 488 2281 autern
504 2223 604 2282 Fabios
618 2224 773 2298 durumque
788 2225 923 2283 Catonem
1020 2254 1047 2294 90

141 2329 171 2378 ct
185 2320 302 2378 Scauros
316 2326 345 2379 et
360 2320 526 2394 Fabricium,
542 2326 682 2394 postremo
695 2339 805 2379 severos

142 2421 262 2477 censoris
275 2437 365 2476 mores
379 2420 465 2476 etiam
479 2418 585 2493 collega
598 2420 728 2478 timeret:

141 2535 222 2575 nemo
236 2519 310 2575 inter
323 2536 403 2575 curae
417 2523 446 2575 et
459 2517 531 2575 seria
544 2517 627 2574 duxit
640 2517 804 2590 habendam,

142 2616 231 2689 qualia
245 2617 275 2672 in
289 2616 400 2674 Oceano
413 2616 501 2673 fluctu
515 2614 628 2673 teetudo
642 2619 761 2689 nataret,

141 2713 246 2771 clarum
261 2714 424 2788 Troiugenis
438 2713 547 2771 factura
560 2731 592 2770 ac
606 2713 698 2770 nobile
711 2713 850 2773 fidorum:
1021 2744 1046 2784 9⁵

141 2812 189 2870 scd
204 2812 279 2869 nudo
293 2812 381 2869 latere
395 2816 425 2869 et
437 2812 531 2884 parvis
545 2811 621 2868 frona
634 2829 714 2869 aerea
726 2811 807 2869 lectio

140 2909 196 2967 vile
211 2911 334 2968 coronati
348 2915 432 2983 caput
446 2909 610 2967 ostendebat
624 2909 711 2983 aselli,

141 3008 177 3065 ad
191 3008 265 3082 quod
279 3008 377 3065 lascivi
390 3008 526 3065 ludebant
539 3008 610 3064 ruris
624 3007 737 3065 alumni.

140 3106 222 3164 Talae
235 3124 300 3179 ergo
313 3106 376 3178 cibi,
392 3105 483 3179 qualia
497 3105 595 3162 domun
609 3111 694 3179 atque
708 3106 839 3179 supellex

140 3203 219 3261 Tunc
233 3204 309 3261 rudia
323 3209 352 3261 et
366 3202 466 3261 Graiae
480 3203 575 3260 mirari
589 3204 696 3260 nescius
711 3209 793 3276 artes,

140 3302 256 3359 urbibus
270 3302 381 3372 evereie,
397 3301 562 3374 praedarum
576 3300 605 3357 in
619 3305 700 3374 parte
713 3308 823 3374 reperta

140 3417 302 3472 magnorum
317 3398 455 3456 artificum
470 3398 617 3472 frangebat
630 3397 729 3471 pocula
742 3400 830 3473 miles,
892 3410 893 3414 ’

83 3541 85 3544 ·
155 3527 180 3567 93
193 3523 316 3566 habandam
326 3524 350 3567 P.
360 3523 486 3566 habendum
493 3534 516 3575 p.
526 3537 547 3564 a.
601 3523 627 3563 94
640 3521 725 3566 Oceano
735 3538 752 3569 ε.
763 3523 849 3567 oetam
858 3525 882 3566 P.
893 3523 974 3565 Oceani
980 3534 1002 3577 p.
1013 3537 1033 3564 a.
