2484 3950
492 321 626 373 SATURA
644 319 696 371 VII
1010 320 1041 370 43

145 482 389 544 alarin-Lm,
402 482 467 530 there
479 483 502 530 is
514 480 553 529 tlte
564 479 753 530 schooimorter’s
764 481 908 543 profession.
946 479 1009 527 rba
1019 480 1043 526 is

203 560 259 608 still
269 575 351 609 worse.
393 561 448 608 Yon
459 559 520 608 leave
528 563 552 608 ιο
555 561 598 623 see
609 559 648 608 tho
659 559 743 616 slaves,
753 562 777 606 ιο
788 562 826 620 pet
834 572 870 619 ap
881 557 959 620 before
971 556 1040 618 light,

204 642 228 686 ιο
239 638 264 685 he
274 637 409 686 sawtlrered
420 636 482 685 totth
493 652 558 699 poor
563 635 662 699 propils’
676 636 762 697 iemps,
775 639 799 684 ιο
809 634 881 683 know
892 633 1040 696 eoerythirop,

204 720 228 763 ιο
239 714 264 762 ιο
275 715 315 763 the
324 715 400 777 partie
410 715 464 762 aad
473 714 563 777 fallier
574 715 603 776 os
615 728 680 775 goar
697 713 759 775 boys,
775 713 829 760 aad
840 712 907 774 aster
917 710 957 759 all
971 715 994 759 ιο
1004 715 1042 773 pet

204 809 222 841 o
233 794 364 843 οἰοιοοιοιιο
374 790 522 855 gladiotor‘s
527 794 568 856 see
580 796 607 840 οι
617 789 716 840 thread
727 791 756 851 of
764 789 803 838 ιιο
814 805 880 851 year.

182 909 251 979 Quis
263 908 368 982 gremio
383 906 515 964 Enceladi
529 906 659 978 doctique
674 905 849 963 Palaemonis
863 904 954 962 adfert
1004 933 1040 970 215

46 1040 47 1077 ,
144 1012 276 1080 qnantum
290 1006 489 1078 grammaticus
503 1004 606 1061 meruit
620 1003 718 1061 labori
738 1007 767 1060 et
781 1009 875 1060 tamen
889 1021 923 1060 ex
937 1003 988 1060 hoc

142 1104 323 1177 quodcunque
337 1107 380 1161 est
395 1100 500 1180 (minus
514 1107 557 1159 est
572 1106 675 1173 autem,
691 1119 776 1174 quam
790 1101 909 1158 rhetoris
922 1097 998 1178 aera)

143 1201 268 1274 discipuli
283 1206 376 1258 custos
389 1200 565 1273 praemordet
578 1200 788 1257 Acoenonoe'tus

142 1303 178 1371 et,
193 1300 242 1372 qui
256 1299 406 1371 dispensat,
423 1298 528 1370 frangit
542 1297 604 1356 sibi.
649 1297 731 1369 Oede,
748 1297 906 1369 Palaemon,

142 1397 171 1455 et
183 1402 278 1470 patere
291 1397 356 1454 inde
369 1396 476 1468 ahquid
490 1396 652 1467 decrescere,
669 1415 724 1453 non
739 1397 828 1467 aliter,
843 1415 929 1469 quam
1004 1425 1042 1452 220

141 1495 253 1552 institor
265 1495 396 1551 hibernae
409 1495 510 1567 tegetis
524 1495 654 1566 niveique
667 1494 796 1568 cadurci3

142 1592 290 1650 dummodo
303 1611 358 1649 non
372 1597 475 1665 pereat,
491 1592 598 1649 mediae
612 1592 687 1665 quod
701 1593 790 1649 noctis
805 1593 841 1649 ab
855 1592 923 1651 hora

141 1690 246 1761 sedisti,
262 1708 318 1763 qua
331 1708 412 1747 nemo
425 1689 511 1760 faber,
528 1707 584 1761 qua
597 1707 678 1746 nemo
692 1688 807 1761 sederet,

141 1788 190 1861 qui
203 1787 282 1845 docet
296 1788 408 1861 obliquo
422 1787 515 1844 lanam
530 1786 664 1844 deducere
677 1786 767 1859 ferr03

140 1886 290 1944 dummodo
303 1904 358 1943 non
371 1890 466 1958 pereat
480 1884 598 1942 totidem
612 1884 738 1942 olfecisse
751 1885 885 1956 lucernas,
1003 1914 1039 1952 225

141 1988 210 2058 quot
223 1984 337 2042 stabant
350 1984 436 2057 pueri,
452 2001 515 2040 cum
530 1989 607 2041 totus
621 1983 730 2041 decolor
743 1989 816 2042 esset

140 2082 256 2140 Flaccus
270 2086 299 2139 et
312 2080 437 2139 haereret
450 2081 529 2153 nigro
543 2079 630 2154 fuligo
644 2081 761 2139 Maroni.

140 2178 217 2236 Rara
229 2183 324 2236 tamen
338 2197 449 2251 merces,
465 2196 536 2249 quae
550 2178 706 2251 cognitione
721 2178 827 2235 tribuni

139 2295 197 2333 non
210 2282 297 2350 egeat.
341 2277 397 2335 Sed
409 2294 461 2333 vos
474 2294 571 2333 saevas
586 2276 720 2348 imponite
734 2276 817 2349 leges,

139 2379 173 2431 ut
186 2375 357 2448 praeceptori
370 2374 518 2432 verborum
531 2374 627 2446 regula
640 2378 755 2447 constet,

138 2477 173 2530 ut
188 2473 263 2546 legat
278 2473 414 2546 historias,
430 2477 557 2529 auctores
570 2472 680 2529 noverit
694 2490 796 2545 omnes,

139 2575 285 2643 tamquam
298 2588 404 2643 ungues
418 2558 576 2642 digitosque
590 2587 673 2627 suos:
694 2573 727 2626 nt
742 2568 812 2626 forte
826 2574 947 2641 rogatus,

138 2668 209 2725 dum
222 2669 294 2741 petit
308 2672 357 2725 sut
371 2666 494 2724 thermas
508 2671 559 2723 aut
573 2666 680 2724 Phoebi
693 2666 800 2739 balnea,
816 2666 891 2723 dicat

137 2766 276 2822 nutricem
290 2764 437 2837 Anchisae,
453 2782 553 2821 nomen
566 2764 741 2836 patriamque
755 2781 887 2825 novercae

137 2861 306 2919 Anchemoli
314 2882 323 2934 ;
344 2862 427 2933 dicat,
442 2866 512 2934 quot
525 2861 642 2918 Acestes
655 2860 757 2918 vixerit
771 2861 873 2932 annis„
1004 2889 1042 2928 235

137 2965 210 3033 quot
224 2959 333 3017 Siculus
347 2958 505 3032 Phrygibus
518 2958 577 3014 vini
591 2958 736 3015 donaverit
749 2975 840 3015 umas.

63 3121 66 3122 ⁷
138 3057 261 3129 Exigite,
277 3061 310 3113 ut
323 3060 412 3113 mores
427 3062 536 3114 teneros
550 3074 601 3113 ceu
613 3055 713 3128 pollice
726 3055 817 3126 ducat,

103 3145 104 3148 ¹
137 3160 173 3211 ut
188 3155 213 3211 si
227 3155 289 3227 quis
303 3173 364 3212 cera
378 3154 488 3211 vultum
502 3154 588 3225 facit,
610 3154 720 3225 exigite,
736 3158 769 3209 ut
783 3154 821 3209 sit

136 3258 169 3309 et
183 3257 265 3324 pater
277 3252 365 3324 ipsius
378 3255 480 3323 coetus,
497 3268 531 3307 ne
545 3250 639 3321 turpia
653 3249 760 3308 ludant.

140 3352 159 3379 “
169 3348 275 3421 Haec‚''
289 3348 389 3420 inquit,
407 3349 505 3419 “cura,
522 3347 571 3403 sed
585 3364 649 3403 cum
662 3364 692 3402 se
706 3347 821 3404 verterit
834 3367 931 3421 annus,
1005 3380 1042 3415 240

136 3448 242 3520 accipe,
259 3446 358 3504 victori
372 3444 491 3517 populus
503 3444 578 3516 quod
592 3443 723 3517 postulat,
740 3444 863 3502 aurum.”

453 3548 491 3588 285
504 3545 632 3588 Archemori
641 3547 665 3588 P.
676 3546 696 3588 S.
707 3562 727 3587 ο.
