2484 3950
202 296 233 346 48
469 294 499 343 Ι).
522 294 615 343 IUNII
635 294 825 346 IUVENALIS
894 356 898 365 ⁸

201 501 367 551 aeria-Ia
376 503 475 564 former
490 503 553 564 elops
570 502 625 564 llep
640 518 701 551 eooro
717 504 772 551 rieb
779 523 790 561 ;
806 504 862 566 lbep
872 505 924 553 lma
941 504 1006 554 lbolr
1021 506 1101 554 eoorlor

264 581 356 642 osorl‚
372 580 414 628 llll
434 579 521 628 Verres
540 580 593 628 aad
610 581 742 629 Dolabella
761 582 859 630 corriel
878 582 942 630 llam
961 583 1000 644 off.
1036 584 1100 632 Now

264 656 319 718 they
329 672 377 705 coo
391 657 484 719 lordlp
494 659 551 719 keep
566 657 632 706 their
647 658 710 706 little
725 657 805 718 hercle,
820 674 848 706 or
862 659 901 707 tle
908 660 996 722 pallry
1007 662 1100 723 leopos

264 736 293 798 of
300 734 365 783 their
376 734 508 785 bmerebolel
518 736 582 799 pods

200 877 229 934 N
230 896 265 934 on
279 878 352 935 idem
366 879 486 951 gemitus
500 878 574 951 olim,
590 897 679 952 neque
693 879 795 937 vulnus
809 884 868 937 erat
882 897 932 952 par

199 975 371 1049 damnorum,
387 977 467 1033 sociis
480 976 643 1034 florentibus
657 981 687 1034 et
699 977 782 1034 modo
796 977 886 1036 vietis.

199 1073 286 1130 Plena
300 1073 397 1130 domus
411 1079 479 1131 tuno
493 1075 589 1145 omnis,
606 1079 635 1131 et
649 1075 745 1148 ingens
759 1074 853 1132 stabat
867 1093 980 1132 acervus
1062 1104 1100 1131 100

198 1188 381 1243 nummorum,
399 1171 537 1244 Spartana
550 1171 682 1245 chlamys,
699 1171 841 1243 conchylia
856 1171 920 1244 Ooa,

198 1273 301 1325 etcum
315 1266 456 1324 Parrhasii
469 1267 574 1325 tabulis
588 1268 728 1341 signisque
742 1268 867 1341 Myronis

199 1365 378 1422 Pheidr'aeum
391 1365 505 1423 vivebat
519 1367 605 1438 ebur;
626 1384 677 1422 neo
690 1384 745 1422 non
762 1365 893 1438 Polycliti

198 1462 304 1520 multus
317 1463 420 1536 ubique
433 1462 529 1534 labor3
549 1481 627 1520 rarae
641 1463 699 1520 sine
715 1462 841 1520 Mentore
855 1481 973 1522 mensae.

199 1561 268 1618 Inde
282 1560 444 1618 Dolabellae
458 1566 543 1633 atque
557 1561 640 1618 istinc
653 1561 800 1633 Antonius,
817 1561 881 1618 inde
1061 1589 1096 1626 105

197 1658 350 1732 sacrilegus⁴
358 1658 459 1715 Verres
473 1657 629 1715 referebant
642 1658 760 1716 navibus
774 1657 839 1715 altis

197 1757 304 1814 occulta
317 1756 405 1830 spolia
419 1761 448 1814 et
461 1756 554 1829 plures
567 1756 602 1813 de
616 1775 682 1829 pace
696 1757 858 1829 triumphos.

197 1855 226 1911 N
227 1873 280 1911 unc
293 1855 373 1911 sociis
387 1854 452 1926 iuga
465 1872 552 1927 pauca
565 1853 658 1924 boum,
673 1872 741 1926 grex
754 1872 855 1926 parvus
869 1870 1009 1926 equarum,

196 1956 225 2010 et
238 1957 318 2025 pater
331 1951 451 2009 armenti
464 1955 545 2025 capto
558 1952 691 2026 eripietur
704 1952 810 2026 agell03

196 2051 249 2123 ipsi
262 2049 361 2107 deinde
375 2049 468 2121 Lares,
484 2050 508 2105 si
522 2049 597 2122 quod
610 2050 759 2122 spectabile
772 2050 891 2122 signum,

197 2147 297 2220 siquis
311 2147 340 2203 in
354 2146 478 2204 aedicula
491 2146 559 2204 deus
573 2147 678 2205 unicus.
721 2146 800 2204 Haec
813 2148 915 2205 etenim
930 2153 997 2205 sunt
1016 2174 1019 2180 v

196 2263 245 2318 pro
259 2245 391 2304 summis:
413 2262 478 2301 nam
493 2250 559 2302 sunt
573 2245 641 2302 baec
654 2244 781 2302 maxima

197 2451 402 2500 112-124.—le
416 2451 553 2514 ffernluote
566 2452 643 2501 Greek
653 2452 761 2516 perhaps
772 2467 821 2514 poro
834 2453 1024 2502 antraccole
1033 2452 1096 2502 soille

259 2530 346 2592 ecfety,
366 2529 408 2577 aa
426 2530 518 2578 lomere
537 2531 567 2592 of
584 2531 624 2578 tlte
643 2530 774 2592 Speciorrl
796 2545 824 2578 or
843 2530 882 2578 tlte
901 2531 1031 2593 Africam
1046 2545 1097 2592 pou

259 2621 319 2667 moy
336 2606 390 2654 tolre
409 2605 475 2654 llaelr
489 2610 614 2668 propone
630 2605 672 2654 lot
692 2606 717 2653 be
735 2620 792 2654 aare
810 2605 866 2667 lbey
882 2607 939 2654 will
955 2606 1013 2668 lreep
1032 2606 1096 2654 tlooir

259 2683 357 2732 aaoorde

821 2799 967 2872 Despicias
979 2804 1012 2855 tu

195 2898 311 2955 forsitan
325 2896 451 2955 imbelles
465 2897 587 2955 Rhodios
601 2903 769 2971 unctamque
784 2896 967 2956 Corinthum:

195 2995 329 3067 despicias
343 2994 449 3054 merito.
494 2995 568 3064 Quid
582 2996 704 3052 resinata
714 2996 851 3068 iuventus,

195 3109 328 3164 cruraque
342 3092 428 3150 totius
442 3093 544 3150 facient
559 3092 612 3150 tibi
626 3093 699 3150 levia
711 3093 822 3165 gentist

196 3190 318 3247 Horrida
330 3191 446 3247 vitarim
460 3195 503 3248 est
517 3190 663 3264 Hispania,
680 3189 803 3247 Galliam
817 3191 877 3250 axis

196 3288 393 3362 Illyricumque
407 3287 499 3347 letus:
520 3306 601 3361 parce
615 3293 644 3345 et
658 3287 824 3345 messoribus
837 3288 901 3361 illis,

195 3386 243 3459 qui
257 3388 384 3442 saturant
399 3385 504 3455 urbem,
520 3386 590 3443 cireo
604 3403 754 3458 saeuaeque
768 3390 920 3444 vacantem

326 3505 363 3545 105
375 3504 447 3556 adque
456 3506 514 3546 stine
524 3505 640 3546 cantonius
648 3505 672 3546 P.
683 3505 749 3557 atque
758 3504 810 3546 hinc
819 3504 929 3546 Antonius
938 3520 958 3545 a.
