2484 3950
503 275 638 326 SATURA
656 276 719 327 XIV

494 556 652 615 SATURA
673 558 746 614 XIV

170 713 352 764 Idu—There
367 729 412 762 ure
427 728 506 777 curcy
515 715 609 777 faula,
624 715 755 776 Faesulana,
770 715 851 764 which
866 715 980 765 children
997 717 1068 766 kann

226 794 299 855 from
319 792 385 841 their
398 797 509 854 percote,
532 791 592 841 moola
613 808 643 841 as
663 793 798 855 pumblc'op,
819 793 940 857 pluttoarp
963 796 1064 858 oruclty,

232 872 351 933 aarum.

168 999 314 1056 Peumata
329 1005 403 1069 sunt,
420 999 545 1070 Fimcine,
562 999 681 1056 etfama
695 999 907 1072 dignasinistra

166 1103 196 1154 et
210 1098 308 1154 nitidis
322 1097 460 1155 maculam
474 1097 620 1154 haesuram
635 1098 750 1170 figentia
764 1097 854 1171 rebus,

166 1214 236 1268 quae
250 1200 407 1254 monstrant
421 1196 475 1269 ipsi
488 1196 582 1269 pueris
596 1196 768 1268 traduntque
782 1202 917 1269 parentes.

158 1295 197 1352 Si
206 1295 344 1353 damnosa
357 1314 451 1353 senem
465 1295 544 1351 iuvat
558 1294 626 1366 alea,
642 1294 716 1351 ludit
731 1299 759 1351 et
773 1294 852 1351 heres

164 1392 296 1466 bullatus,
312 1412 452 1467 paruoque
466 1394 562 1450 eadem
576 1397 671 1450 movet
685 1411 763 1449 arma
775 1392 880 1450 fritillo,
1051 1422 1063 1460 5

83 1508 84 1515 ¹
164 1490 224 1547 Nec
238 1491 338 1548 melius
351 1491 385 1548 de
399 1510 429 1548 se
443 1492 573 1563 cuiquam
587 1509 697 1564 sperare
711 1490 865 1563 propinquo

162 1587 293 1645 concedet
307 1588 422 1660 iuvenis,
439 1589 488 1660 qui
502 1588 597 1645 radere
611 1588 711 1644 tubera
725 1593 822 1660 terrae,

162 1686 288 1744 boletum
302 1686 412 1743 eondue
426 1690 454 1742 et
469 1685 564 1742 eodem
579 1686 639 1743 iure
653 1690 783 1743 natantes

162 1802 283 1858 mergere
297 1783 429 1841 ficedulas
443 1782 550 1852 didicit,
564 1782 701 1840 nebulone
714 1786 829 1856 parente

162 1888 191 1940 et
205 1901 273 1940 cana
286 1885 459 1938 monstrante
473 1880 546 1953 gula.
590 1881 663 1939 Oum
677 1882 812 1954 septimus
827 1900 916 1938 annus

162 1981 304 2037 transierit
317 1997 442 2053 puerum,
458 1979 582 2036 nondum
596 1980 672 2036 omni
686 1980 769 2037 dente
783 1985 888 2051 renato,

160 2078 292 2135 barbatos
306 2078 371 2135 licet
385 2077 532 2134 admoveas
546 2076 624 2133 mille
638 2077 703 2134 inde
717 2079 872 2151 magistros,

94 2245 96 2248 Ι
160 2175 225 2232 hino
239 2175 366 2245 totidem,
380 2174 473 2247 cupiet
486 2174 565 2231 lauto
579 2193 675 2231 cenare
690 2180 790 2248 paratu

159 2291 275 2346 semper,
291 2277 320 2330 et
334 2292 351 2329 a
364 2290 465 2345 magna
479 2290 533 2328 non
548 2271 712 2345 degenerare
727 2273 824 2331 culina.

159 2371 261 2428 Mitem
275 2372 399 2428 animum
413 2375 442 2427 et
456 2388 545 2427 mores
559 2370 674 2427 modieis
688 2372 824 2429 erroribus
838 2391 938 2446 aequos
989 2430 990 2433 ,
1034 2401 1057 2440 15

158 2469 300 2542 praecipit,
317 2473 402 2541 atque
416 2469 523 2525 animas
537 2486 680 2525 servorum
694 2474 723 2525 et
737 2488 850 2543 corpora
862 2476 958 2529 nostra

158 2568 276 2626 materia
289 2572 415 2624 constare
429 2572 513 2641 putat
527 2567 695 2640 paribusque
710 2567 862 2641 elementis,

157 2685 194 2724 an
208 2666 315 2724 saevire
329 2666 410 2723 docet
424 2665 547 2738 Rutilus,
563 2666 612 2738 qui
625 2665 728 2739 gaudet
742 2667 840 2724 acerbo

157 2765 302 2838 plagarum
315 2765 436 2838 strepitu
450 2769 479 2821 et
493 2764 599 2821 nullam
615 2763 712 2821 Sirena
725 2764 843 2837 flagellis

100 2883 103 2887 ¹
157 2868 307 2938 comparat,
322 2863 494 2936 Antiphates
507 2862 610 2935 trepidi
625 2862 750 2919 Larisae
765 2862 959 2937 Polyphemus,
1030 2894 1056 2922 ιο

156 2966 219 3019 tum
233 2961 307 3032 felix,
324 2962 451 3034 quotiens
466 2961 566 3034 aliquis
580 2965 685 3018 tortore
698 2966 797 3018 vocato

155 3062 247 3117 uritur
261 3060 370 3117 ardenti
384 3060 439 3117 duo
453 3064 565 3133 propter
578 3059 667 3115 lintea
680 3059 771 3117 ferrol

156 3158 230 3228 Quid
244 3158 343 3215 suadet
356 3159 450 3215 iuveni
464 3158 555 3214 laetus
569 3158 687 3214 stridore
701 3162 822 3230 catenae,

154 3275 237 3329 quem
252 3257 320 3313 mire
334 3256 459 3312 afficiunt
473 3256 613 3327 inscripta,
630 3256 777 3328 ergastula,
794 3259 904 3315 cmeerl

44 3335 48 3339 ⁴
154 3355 286 3412 Rusticus
301 3358 451 3427 exspectas,
467 3359 500 3411 ut
514 3372 569 3411 uon
583 3354 621 3410 sit
636 3352 763 3411 adultera
778 3354 884 3428 Largae
1026 3383 1051 3422 25

537 3486 557 3518 11
571 3497 638 3540 puero
646 3503 668 3530 a.

1107 3583 1223 3809 Δ
