<?xml version="1.0" encoding="UTF-8"?>
<!DOCTYPE html PUBLIC "-//W3C//DTD XHTML 1.0 Transitional//EN"
    "http://www.w3.org/TR/xhtml1/DTD/xhtml1-transitional.dtd">
<html xmlns="http://www.w3.org/1999/xhtml" xml:lang="en" lang="en">
 <head>
  <title>
</title>
<meta http-equiv="Content-Type" content="text/html;charset=utf-8" />
  <meta name='ocr-system' content='tesseract 3.04.00' />
  <meta name='ocr-capabilities' content='ocr_page ocr_carea ocr_par ocr_line ocrx_word'/>
</head>
<body>
  <div class='ocr_page' id='page_1' title='image "./decimiiuniiiuve00hardgoog_0130.png"; bbox 0 0 2484 3950; ppageno 0'>
   <div class='ocr_carea' id='block_1_1' title="bbox 190 274 818 327">
    <p class='ocr_par' dir='ltr' id='par_1_1' title="bbox 190 274 818 327">
     <span class='ocr_line' id='line_1_1' title="bbox 190 274 818 327; baseline -0.002 -1"><span class='ocrx_word' id='word_1_1' title='bbox 190 278 222 327; x_wconf 80' lang='lat'><strong>50</strong></span> <span class='ocrx_word' id='word_1_2' title='bbox 461 275 491 325; x_wconf 85' lang='lat' dir='ltr'><strong>D.</strong></span> <span class='ocrx_word' id='word_1_3' title='bbox 514 274 607 326; x_wconf 87' lang='lat' dir='ltr'>IUNII</span> <span class='ocrx_word' id='word_1_4' title='bbox 628 275 818 326; x_wconf 79' lang='lat' dir='ltr'><strong>IUVENALIS</strong></span> 
     </span>
    </p>
   </div>
   <div class='ocr_carea' id='block_1_2' title="bbox 190 420 1090 789">
    <p class='ocr_par' dir='ltr' id='par_1_2' title="bbox 192 420 870 494">
     <span class='ocr_line' id='line_1_2' title="bbox 192 420 870 494; baseline 0 -16"><span class='ocrx_word' id='word_1_5' title='bbox 192 423 253 492; x_wconf 77' lang='lat' dir='ltr'><strong>Quo</strong></span> <span class='ocrx_word' id='word_1_6' title='bbox 267 422 344 494; x_wconf 88' lang='lat' dir='ltr'><strong>mihi,</strong></span> <span class='ocrx_word' id='word_1_7' title='bbox 361 428 389 479; x_wconf 88' lang='lat' dir='ltr'><strong>te</strong></span> <span class='ocrx_word' id='word_1_8' title='bbox 404 421 518 478; x_wconf 79' lang='lat' dir='ltr'><strong>solitum</strong></span> <span class='ocrx_word' id='word_1_9' title='bbox 531 420 616 477; x_wconf 75' lang='lat' dir='ltr'><strong>falsae</strong></span> <span class='ocrx_word' id='word_1_10' title='bbox 631 422 738 493; x_wconf 77' lang='lat' dir='ltr'><strong>signare</strong></span> <span class='ocrx_word' id='word_1_11' title='bbox 753 420 870 478; x_wconf 75' lang='lat' dir='ltr'><strong>tabellas</strong></span> 
     </span>
    </p>

    <p class='ocr_par' dir='ltr' id='par_1_3' title="bbox 190 518 942 593">
     <span class='ocr_line' id='line_1_3' title="bbox 190 518 942 593; baseline 0 -17"><span class='ocrx_word' id='word_1_12' title='bbox 190 522 220 576; x_wconf 89' lang='lat' dir='ltr'><strong>in</strong></span> <span class='ocrx_word' id='word_1_13' title='bbox 234 519 354 592; x_wconf 80' lang='lat' dir='ltr'><strong>templis,</strong></span> <span class='ocrx_word' id='word_1_14' title='bbox 371 538 441 593; x_wconf 91' lang='lat' dir='ltr'><strong>quae</strong></span> <span class='ocrx_word' id='word_1_15' title='bbox 455 518 521 576; x_wconf 88' lang='lat' dir='ltr'><strong>feoit</strong></span> <span class='ocrx_word' id='word_1_16' title='bbox 535 538 612 590; x_wconf 77' lang='lat' dir='ltr'><strong>aurs,</strong></span> <span class='ocrx_word' id='word_1_17' title='bbox 629 525 806 591; x_wconf 76' lang='lat' dir='ltr'><strong>statuamque</strong></span> <span class='ocrx_word' id='word_1_18' title='bbox 820 519 942 592; x_wconf 78' lang='lat' dir='ltr'><strong>parentis</strong></span> 
     </span>
    </p>

    <p class='ocr_par' dir='ltr' id='par_1_4' title="bbox 191 616 898 690">
     <span class='ocr_line' id='line_1_4' title="bbox 191 616 898 690; baseline 0 -17"><span class='ocrx_word' id='word_1_19' title='bbox 191 622 257 673; x_wconf 88' lang='lat' dir='ltr'><strong>ante</strong></span> <span class='ocrx_word' id='word_1_20' title='bbox 270 616 486 690; x_wconf 82' lang='lat' dir='ltr'><strong>triumphalemt</strong></span> <span class='ocrx_word' id='word_1_21' title='bbox 507 636 569 690; x_wconf 86' lang='lat' dir='ltr'><strong>quo,</strong></span> <span class='ocrx_word' id='word_1_22' title='bbox 585 617 609 673; x_wconf 83' lang='lat' dir='ltr'><strong>si</strong></span> <span class='ocrx_word' id='word_1_23' title='bbox 624 622 774 674; x_wconf 81' lang='lat' dir='ltr'><strong>nocturnus</strong></span> <span class='ocrx_word' id='word_1_24' title='bbox 788 616 898 674; x_wconf 81' lang='lat' dir='ltr'>adulter</span> 
     </span>
    </p>

    <p class='ocr_par' dir='ltr' id='par_1_5' title="bbox 191 714 1090 789">
     <span class='ocr_line' id='line_1_5' title="bbox 191 714 1090 789; baseline -0.001 -17"><span class='ocrx_word' id='word_1_25' title='bbox 191 720 316 788; x_wconf 86' lang='lat' dir='ltr'><strong>tempora</strong></span> <span class='ocrx_word' id='word_1_26' title='bbox 330 714 479 772; x_wconf 88' lang='lat' dir='ltr'><strong>Santonico</strong></span> <span class='ocrx_word' id='word_1_27' title='bbox 492 715 569 772; x_wconf 76' lang='lat' dir='ltr'><strong>velas</strong></span> <span class='ocrx_word' id='word_1_28' title='bbox 583 716 717 789; x_wconf 90' lang='lat' dir='ltr'><strong>adoperta</strong></span> <span class='ocrx_word' id='word_1_29' title='bbox 730 715 855 772; x_wconf 80' lang='lat' dir='ltr'><strong>cucullot</strong></span> <span class='ocrx_word' id='word_1_30' title='bbox 1055 744 1090 781; x_wconf 79' lang='lat'><strong>14⁵</strong></span> 
     </span>
    </p>
   </div>
   <div class='ocr_carea' id='block_1_3' title="bbox 191 943 1091 1005">
    <p class='ocr_par' dir='ltr' id='par_1_6' title="bbox 191 943 1091 1005">
     <span class='ocr_line' id='line_1_6' title="bbox 191 943 1091 1005; baseline 0.001 -14"><span class='ocrx_word' id='word_1_31' title='bbox 191 944 490 1005; x_wconf 69' lang='lat' dir='ltr'><strong>lit-162.-Lateranue,</strong></span> <span class='ocrx_word' id='word_1_32' title='bbox 505 945 589 993; x_wconf 66' lang='lat' dir='ltr'><strong>conat</strong></span> <span class='ocrx_word' id='word_1_33' title='bbox 606 960 635 993; x_wconf 82' lang='lat' dir='ltr'><strong>ao</strong></span> <span class='ocrx_word' id='word_1_34' title='bbox 650 945 680 994; x_wconf 75' lang='lat' dir='ltr'><strong>te</strong></span> <span class='ocrx_word' id='word_1_35' title='bbox 696 947 725 1005; x_wconf 82' lang='lat' dir='ltr'><strong>is,</strong></span> <span class='ocrx_word' id='word_1_36' title='bbox 737 946 819 994; x_wconf 75' lang='lat' dir='ltr'><strong>driven</strong></span> <span class='ocrx_word' id='word_1_37' title='bbox 835 945 876 993; x_wconf 75' lang='lat' dir='ltr'><strong>hia</strong></span> <span class='ocrx_word' id='word_1_38' title='bbox 889 959 944 993; x_wconf 78' lang='lat' dir='ltr'><strong>orma</strong></span> <span class='ocrx_word' id='word_1_39' title='bbox 954 944 1049 993; x_wconf 71' lang='lat' dir='ltr'><strong>charior</strong></span> <span class='ocrx_word' id='word_1_40' title='bbox 1061 943 1091 1005; x_wconf 76' lang='lat' dir='ltr'><strong>by</strong></span> 
     </span>
    </p>
   </div>
   <div class='ocr_carea' id='block_1_4' title="bbox 255 1021 1092 1240">
    <p class='ocr_par' dir='ltr' id='par_1_7' title="bbox 255 1021 1092 1240">
     <span class='ocr_line' id='line_1_7' title="bbox 255 1021 1092 1084; baseline 0 -15"><span class='ocrx_word' id='word_1_41' title='bbox 255 1021 327 1083; x_wconf 78' lang='lat' dir='ltr'><strong>niqtt</strong></span> <span class='ocrx_word' id='word_1_42' title='bbox 339 1025 396 1083; x_wconf 70' lang='lat' dir='ltr'><strong>pant</strong></span> <span class='ocrx_word' id='word_1_43' title='bbox 414 1022 452 1070; x_wconf 80' lang='lat' dir='ltr'><strong>the</strong></span> <span class='ocrx_word' id='word_1_44' title='bbox 468 1037 554 1084; x_wconf 77' lang='lat' dir='ltr'><strong>prover</strong></span> <span class='ocrx_word' id='word_1_45' title='bbox 570 1024 599 1084; x_wconf 82' lang='lat' dir='ltr'><strong>of</strong></span> <span class='ocrx_word' id='word_1_46' title='bbox 612 1023 653 1071; x_wconf 75' lang='lat' dir='ltr'><strong>tir</strong></span> <span class='ocrx_word' id='word_1_47' title='bbox 670 1028 797 1071; x_wconf 63' lang='lat' dir='ltr'><strong>amatore.</strong></span> <span class='ocrx_word' id='word_1_48' title='bbox 832 1022 897 1070; x_wconf 76' lang='lat' dir='ltr'><strong>Noni</strong></span> <span class='ocrx_word' id='word_1_49' title='bbox 913 1037 974 1084; x_wconf 72' lang='lat' dir='ltr'><strong>year</strong></span> <span class='ocrx_word' id='word_1_50' title='bbox 990 1022 1019 1069; x_wconf 74' lang='lat' dir='ltr'><strong>te</strong></span> <span class='ocrx_word' id='word_1_51' title='bbox 1036 1022 1092 1070; x_wconf 75' lang='lat' dir='ltr'><strong>rutil</strong></span> 
     </span>
     <span class='ocr_line' id='line_1_8' title="bbox 255 1097 1088 1162; baseline 0.001 -15"><span class='ocrx_word' id='word_1_52' title='bbox 255 1100 287 1147; x_wconf 81' lang='lat' dir='ltr'><strong>do</strong></span> <span class='ocrx_word' id='word_1_53' title='bbox 297 1100 318 1148; x_wconf 74' lang='lat' dir='ltr'><strong>a</strong></span> <span class='ocrx_word' id='word_1_54' title='bbox 328 1101 358 1147; x_wconf 77' lang='lat' dir='ltr'><strong>iu</strong></span> <span class='ocrx_word' id='word_1_55' title='bbox 369 1114 429 1160; x_wconf 69' lang='lat' dir='ltr'><strong>(pren</strong></span> <span class='ocrx_word' id='word_1_56' title='bbox 443 1101 500 1161; x_wconf 77' lang='lat' dir='ltr'><strong>day.</strong></span> <span class='ocrx_word' id='word_1_57' title='bbox 535 1100 692 1159; x_wconf 75' lang='lat' dir='ltr'><em>Meanwhile,</em></span> <span class='ocrx_word' id='word_1_58' title='bbox 707 1100 799 1162; x_wconf 75' lang='lat' dir='ltr'><strong>ttouph</strong></span> <span class='ocrx_word' id='word_1_59' title='bbox 813 1100 842 1148; x_wconf 79' lang='lat' dir='ltr'><strong>he</strong></span> <span class='ocrx_word' id='word_1_60' title='bbox 856 1100 977 1162; x_wconf 72' lang='lat' dir='ltr'><strong>snerafiem</strong></span> <span class='ocrx_word' id='word_1_61' title='bbox 987 1104 1011 1148; x_wconf 80' lang='lat' dir='ltr'><strong>to</strong></span> <span class='ocrx_word' id='word_1_62' title='bbox 1021 1097 1088 1160; x_wconf 81' lang='lat' dir='ltr'><strong>Jove,</strong></span> 
     </span>
     <span class='ocr_line' id='line_1_9' title="bbox 256 1177 938 1240; baseline 0.001 -15"><span class='ocrx_word' id='word_1_63' title='bbox 256 1177 285 1225; x_wconf 76' lang='lat' dir='ltr'><strong>ire</strong></span> <span class='ocrx_word' id='word_1_64' title='bbox 296 1192 386 1226; x_wconf 69' lang='lat' dir='ltr'><strong>owenus</strong></span> <span class='ocrx_word' id='word_1_65' title='bbox 399 1178 429 1240; x_wconf 79' lang='lat' dir='ltr'><strong>by</strong></span> <span class='ocrx_word' id='word_1_66' title='bbox 440 1179 534 1240; x_wconf 81' lang='lat' dir='ltr'><strong>Epona,</strong></span> <span class='ocrx_word' id='word_1_67' title='bbox 549 1178 602 1226; x_wconf 80' lang='lat' dir='ltr'><strong>aad</strong></span> <span class='ocrx_word' id='word_1_68' title='bbox 606 1179 736 1240; x_wconf 80' lang='lat' dir='ltr'><strong>frequento</strong></span> <span class='ocrx_word' id='word_1_69' title='bbox 747 1178 785 1228; x_wconf 75' lang='lat' dir='ltr'><strong>the</strong></span> <span class='ocrx_word' id='word_1_70' title='bbox 796 1177 938 1239; x_wconf 70' lang='lat' dir='ltr'><strong>ceole-adopt.</strong></span> 
     </span>
    </p>
   </div>
   <div class='ocr_carea' id='block_1_5' title="bbox 190 1319 913 1589">
    <p class='ocr_par' dir='ltr' id='par_1_8' title="bbox 190 1319 913 1589">
     <span class='ocr_line' id='line_1_10' title="bbox 191 1319 865 1394; baseline 0.003 -19"><span class='ocrx_word' id='word_1_71' title='bbox 191 1319 306 1376; x_wconf 86' lang='lat' dir='ltr'><strong>Praeter</strong></span> <span class='ocrx_word' id='word_1_72' title='bbox 320 1320 455 1376; x_wconf 87' lang='lat' dir='ltr'><strong>maiorum</strong></span> <span class='ocrx_word' id='word_1_73' title='bbox 469 1320 571 1378; x_wconf 83' lang='lat' dir='ltr'><strong>eineres</strong></span> <span class='ocrx_word' id='word_1_74' title='bbox 586 1326 670 1394; x_wconf 87' lang='lat' dir='ltr'><strong>atque</strong></span> <span class='ocrx_word' id='word_1_75' title='bbox 685 1339 747 1378; x_wconf 82' lang='lat' dir='ltr'><strong>ossa</strong></span> <span class='ocrx_word' id='word_1_76' title='bbox 759 1321 865 1377; x_wconf 83' lang='lat' dir='ltr'><strong>volueri</strong></span> 
     </span>
     <span class='ocr_line' id='line_1_11' title="bbox 190 1419 868 1492; baseline 0.003 -18"><span class='ocrx_word' id='word_1_77' title='bbox 190 1422 321 1489; x_wconf 84' lang='lat' dir='ltr'><strong>carpento</strong></span> <span class='ocrx_word' id='word_1_78' title='bbox 334 1419 442 1491; x_wconf 80' lang='lat' dir='ltr'><strong>rapitur</strong></span> <span class='ocrx_word' id='word_1_79' title='bbox 455 1419 565 1492; x_wconf 83' lang='lat' dir='ltr'><strong>pinguis</strong></span> <span class='ocrx_word' id='word_1_80' title='bbox 580 1419 742 1491; x_wconf 85' lang='lat' dir='ltr'><strong>Lateranus,</strong></span> <span class='ocrx_word' id='word_1_81' title='bbox 760 1425 789 1476; x_wconf 91' lang='lat' dir='ltr'><strong>et</strong></span> <span class='ocrx_word' id='word_1_82' title='bbox 802 1420 868 1492; x_wconf 81' lang='lat' dir='ltr'><strong>ipse,</strong></span> 
     </span>
     <span class='ocr_line' id='line_1_12' title="bbox 190 1515 913 1589; baseline 0 -16"><span class='ocrx_word' id='word_1_83' title='bbox 190 1516 250 1589; x_wconf 84' lang='lat' dir='ltr'><strong>ipse</strong></span> <span class='ocrx_word' id='word_1_84' title='bbox 263 1521 354 1573; x_wconf 92' lang='lat' dir='ltr'><strong>rotam</strong></span> <span class='ocrx_word' id='word_1_85' title='bbox 368 1515 518 1588; x_wconf 82' lang='lat' dir='ltr'><strong>adstringit</strong></span> <span class='ocrx_word' id='word_1_86' title='bbox 532 1516 686 1574; x_wconf 82' lang='lat' dir='ltr'><strong>sufflamine</strong></span> <span class='ocrx_word' id='word_1_87' title='bbox 700 1516 786 1573; x_wconf 91' lang='lat' dir='ltr'><strong>mulio</strong></span> <span class='ocrx_word' id='word_1_88' title='bbox 801 1517 913 1589; x_wconf 55' lang='lat' dir='ltr'><strong>contub</strong></span> 
     </span>
    </p>
   </div>
   <div class='ocr_carea' id='block_1_6' title="bbox 190 1613 1092 1983">
    <p class='ocr_par' dir='ltr' id='par_1_9' title="bbox 190 1613 1092 1884">
     <span class='ocr_line' id='line_1_13' title="bbox 191 1613 934 1686; baseline 0.003 -16"><span class='ocrx_word' id='word_1_89' title='bbox 191 1619 271 1670; x_wconf 84' lang='lat' dir='ltr'><strong>nocte</strong></span> <span class='ocrx_word' id='word_1_90' title='bbox 285 1613 415 1686; x_wconf 87' lang='lat' dir='ltr'><strong>quidem:</strong></span> <span class='ocrx_word' id='word_1_91' title='bbox 436 1613 485 1669; x_wconf 83' lang='lat' dir='ltr'><strong>sed</strong></span> <span class='ocrx_word' id='word_1_92' title='bbox 499 1613 566 1670; x_wconf 91' lang='lat' dir='ltr'><strong>luna</strong></span> <span class='ocrx_word' id='word_1_93' title='bbox 580 1615 666 1685; x_wconf 87' lang='lat' dir='ltr'><strong>videt,</strong></span> <span class='ocrx_word' id='word_1_94' title='bbox 682 1614 730 1671; x_wconf 82' lang='lat' dir='ltr'><strong>eed</strong></span> <span class='ocrx_word' id='word_1_95' title='bbox 745 1614 834 1671; x_wconf 82' lang='lat' dir='ltr'><strong>sidera</strong></span> <span class='ocrx_word' id='word_1_96' title='bbox 848 1620 934 1672; x_wconf 81' lang='lat' dir='ltr'><strong>testes</strong></span> 
     </span>
     <span class='ocr_line' id='line_1_14' title="bbox 190 1710 1092 1787; baseline 0.004 -19"><span class='ocrx_word' id='word_1_97' title='bbox 190 1712 341 1770; x_wconf 89' lang='lat' dir='ltr'><strong>intendunt</strong></span> <span class='ocrx_word' id='word_1_98' title='bbox 355 1711 454 1771; x_wconf 77' lang='lat' dir='ltr'><strong>oculos.</strong></span> <span class='ocrx_word' id='word_1_99' title='bbox 499 1712 625 1769; x_wconf 87' lang='lat' dir='ltr'><strong>Finitum</strong></span> <span class='ocrx_word' id='word_1_100' title='bbox 635 1710 749 1787; x_wconf 76' lang='lat' dir='ltr'><strong>‘tempus</strong></span> <span class='ocrx_word' id='word_1_101' title='bbox 763 1714 873 1771; x_wconf 80' lang='lat' dir='ltr'><strong>honoris</strong></span> <span class='ocrx_word' id='word_1_102' title='bbox 1054 1743 1092 1780; x_wconf 83' lang='lat'><strong>150</strong></span> 
     </span>
     <span class='ocr_line' id='line_1_15' title="bbox 191 1809 851 1884; baseline 0.003 -18"><span class='ocrx_word' id='word_1_103' title='bbox 191 1829 253 1866; x_wconf 88' lang='lat' dir='ltr'><strong>oum</strong></span> <span class='ocrx_word' id='word_1_104' title='bbox 268 1809 361 1882; x_wconf 85' lang='lat' dir='ltr'><strong>fuerit,</strong></span> <span class='ocrx_word' id='word_1_105' title='bbox 378 1810 452 1867; x_wconf 81' lang='lat' dir='ltr'><strong>clara</strong></span> <span class='ocrx_word' id='word_1_106' title='bbox 466 1810 619 1867; x_wconf 81' lang='lat' dir='ltr'><strong>Lateranus</strong></span> <span class='ocrx_word' id='word_1_107' title='bbox 635 1811 696 1868; x_wconf 88' lang='lat' dir='ltr'><strong>luoe</strong></span> <span class='ocrx_word' id='word_1_108' title='bbox 710 1811 851 1884; x_wconf 83' lang='lat' dir='ltr'><strong>flagellum</strong></span> 
     </span>
    </p>

    <p class='ocr_par' dir='ltr' id='par_1_10' title="bbox 191 1908 920 1983">
     <span class='ocr_line' id='line_1_16' title="bbox 191 1908 920 1983; baseline 0.003 -20"><span class='ocrx_word' id='word_1_109' title='bbox 191 1911 292 1980; x_wconf 82' lang='lat' dir='ltr'><strong>sumet,</strong></span> <span class='ocrx_word' id='word_1_110' title='bbox 306 1912 335 1964; x_wconf 88' lang='lat' dir='ltr'><strong>et</strong></span> <span class='ocrx_word' id='word_1_111' title='bbox 350 1925 492 1964; x_wconf 86' lang='lat' dir='ltr'><strong>occursum</strong></span> <span class='ocrx_word' id='word_1_112' title='bbox 506 1925 659 1981; x_wconf 87' lang='lat' dir='ltr'><strong>numquam</strong></span> <span class='ocrx_word' id='word_1_113' title='bbox 673 1908 825 1983; x_wconf 83' lang='lat' dir='ltr'><strong>trepidabit</strong></span> <span class='ocrx_word' id='word_1_114' title='bbox 839 1910 920 1966; x_wconf 88' lang='lat' dir='ltr'><strong>amici</strong></span> 
     </span>
    </p>
   </div>
   <div class='ocr_carea' id='block_1_7' title="bbox 190 2007 1164 2958">
    <p class='ocr_par' dir='ltr' id='par_1_11' title="bbox 190 2007 948 2276">
     <span class='ocr_line' id='line_1_17' title="bbox 190 2007 948 2081; baseline 0.001 -18"><span class='ocrx_word' id='word_1_115' title='bbox 190 2007 247 2063; x_wconf 90' lang='lat' dir='ltr'><strong>iam</strong></span> <span class='ocrx_word' id='word_1_116' title='bbox 261 2007 342 2077; x_wconf 75' lang='lat' dir='ltr'><strong>senia,</strong></span> <span class='ocrx_word' id='word_1_117' title='bbox 359 2025 390 2063; x_wconf 88' lang='lat' dir='ltr'><strong>ao</strong></span> <span class='ocrx_word' id='word_1_118' title='bbox 404 2007 483 2079; x_wconf 85' lang='lat' dir='ltr'><strong>virga</strong></span> <span class='ocrx_word' id='word_1_119' title='bbox 496 2007 571 2080; x_wconf 87' lang='lat' dir='ltr'><strong>prior</strong></span> <span class='ocrx_word' id='word_1_120' title='bbox 584 2007 697 2079; x_wconf 87' lang='lat' dir='ltr'><strong>adnuet,</strong></span> <span class='ocrx_word' id='word_1_121' title='bbox 714 2013 798 2081; x_wconf 90' lang='lat' dir='ltr'><strong>atque</strong></span> <span class='ocrx_word' id='word_1_122' title='bbox 812 2007 948 2080; x_wconf 85' lang='lat' dir='ltr'><strong>maniplos</strong></span> 
     </span>
     <span class='ocr_line' id='line_1_18' title="bbox 190 2103 839 2177; baseline 0.002 -16"><span class='ocrx_word' id='word_1_123' title='bbox 190 2103 288 2177; x_wconf 79' lang='lat' dir='ltr'><strong>solvet,</strong></span> <span class='ocrx_word' id='word_1_124' title='bbox 304 2109 334 2160; x_wconf 91' lang='lat' dir='ltr'><strong>et</strong></span> <span class='ocrx_word' id='word_1_125' title='bbox 347 2104 476 2161; x_wconf 82' lang='lat' dir='ltr'><strong>infimdet</strong></span> <span class='ocrx_word' id='word_1_126' title='bbox 490 2105 621 2161; x_wconf 79' lang='lat' dir='ltr'><strong>iumentis</strong></span> <span class='ocrx_word' id='word_1_127' title='bbox 636 2105 738 2162; x_wconf 88' lang='lat' dir='ltr'><strong>hordea</strong></span> <span class='ocrx_word' id='word_1_128' title='bbox 750 2105 839 2162; x_wconf 82' lang='lat' dir='ltr'><strong>lassis.</strong></span> 
     </span>
     <span class='ocr_line' id='line_1_19' title="bbox 191 2201 834 2276; baseline 0 -17"><span class='ocrx_word' id='word_1_129' title='bbox 191 2201 303 2259; x_wconf 81' lang='lat' dir='ltr'><strong>Interea</strong></span> <span class='ocrx_word' id='word_1_130' title='bbox 316 2202 384 2258; x_wconf 90' lang='lat' dir='ltr'><strong>dum</strong></span> <span class='ocrx_word' id='word_1_131' title='bbox 397 2202 507 2259; x_wconf 78' lang='lat' dir='ltr'><strong>lanatae</strong></span> <span class='ocrx_word' id='word_1_132' title='bbox 521 2203 674 2276; x_wconf 88' lang='lat' dir='ltr'><strong>robumque</strong></span> <span class='ocrx_word' id='word_1_133' title='bbox 687 2203 834 2259; x_wconf 81' lang='lat' dir='ltr'><strong>iuvencum</strong></span> 
     </span>
    </p>

    <p class='ocr_par' dir='ltr' id='par_1_12' title="bbox 190 2286 1164 2958">
     <span class='ocr_line' id='line_1_20' title="bbox 190 2286 877 2372; baseline 0 -15"><span class='ocrx_word' id='word_1_134' title='bbox 190 2319 266 2358; x_wconf 90' lang='lat' dir='ltr'><strong>more</strong></span> <span class='ocrx_word' id='word_1_135' title='bbox 281 2299 391 2357; x_wconf 85' lang='lat' dir='ltr'><strong>Numae</strong></span> <span class='ocrx_word' id='word_1_136' title='bbox 406 2300 503 2372; x_wconf 85' lang='lat' dir='ltr'><strong>caedit,</strong></span> <span class='ocrx_word' id='word_1_137' title='bbox 521 2299 596 2356; x_wconf 81' lang='lat' dir='ltr'><strong>Iovis</strong></span> <span class='ocrx_word' id='word_1_138' title='bbox 611 2286 678 2357; x_wconf 77' lang='lat' dir='ltr'><strong>ante</strong></span> <span class='ocrx_word' id='word_1_139' title='bbox 691 2300 790 2357; x_wconf 87' lang='lat' dir='ltr'><strong>altaria</strong></span> <span class='ocrx_word' id='word_1_140' title='bbox 803 2300 877 2357; x_wconf 90' lang='lat' dir='ltr'><strong>iurat</strong></span> 
     </span>
     <span class='ocr_line' id='line_1_21' title="bbox 191 2397 960 2471; baseline -0.003 -15"><span class='ocrx_word' id='word_1_141' title='bbox 191 2399 278 2457; x_wconf 84' lang='lat' dir='ltr'><strong>oolam</strong></span> <span class='ocrx_word' id='word_1_142' title='bbox 293 2399 419 2471; x_wconf 88' lang='lat' dir='ltr'><strong>Eponam</strong></span> <span class='ocrx_word' id='word_1_143' title='bbox 433 2403 462 2456; x_wconf 91' lang='lat' dir='ltr'><strong>et</strong></span> <span class='ocrx_word' id='word_1_144' title='bbox 476 2397 559 2455; x_wconf 83' lang='lat' dir='ltr'><strong>facies</strong></span> <span class='ocrx_word' id='word_1_145' title='bbox 574 2398 647 2455; x_wconf 91' lang='lat' dir='ltr'><strong>olida</strong></span> <span class='ocrx_word' id='word_1_146' title='bbox 661 2398 696 2455; x_wconf 90' lang='lat' dir='ltr'><strong>ad</strong></span> <span class='ocrx_word' id='word_1_147' title='bbox 711 2399 852 2471; x_wconf 71' lang='lat' dir='ltr'><strong>praesepia</strong></span> <span class='ocrx_word' id='word_1_148' title='bbox 864 2397 960 2470; x_wconf 74' lang='lat' dir='ltr'><strong>pietas.</strong></span> 
     </span>
     <span class='ocr_line' id='line_1_22' title="bbox 192 2495 904 2568; baseline 0 -14"><span class='ocrx_word' id='word_1_149' title='bbox 192 2496 247 2554; x_wconf 86' lang='lat' dir='ltr'><strong>Sed</strong></span> <span class='ocrx_word' id='word_1_150' title='bbox 261 2514 323 2553; x_wconf 90' lang='lat' dir='ltr'><strong>oum</strong></span> <span class='ocrx_word' id='word_1_151' title='bbox 337 2495 483 2568; x_wconf 80' lang='lat' dir='ltr'><strong>pervigiies</strong></span> <span class='ocrx_word' id='word_1_152' title='bbox 496 2495 588 2567; x_wconf 84' lang='lat' dir='ltr'><strong>placet</strong></span> <span class='ocrx_word' id='word_1_153' title='bbox 602 2496 757 2553; x_wconf 86' lang='lat' dir='ltr'><strong>instaurare</strong></span> <span class='ocrx_word' id='word_1_154' title='bbox 770 2496 904 2568; x_wconf 81' lang='lat' dir='ltr'><strong>popinae:</strong></span> 
     </span>
     <span class='ocr_line' id='line_1_23' title="bbox 191 2593 864 2666; baseline -0.003 -15"><span class='ocrx_word' id='word_1_155' title='bbox 191 2595 290 2652; x_wconf 86' lang='lat' dir='ltr'><strong>obvius</strong></span> <span class='ocrx_word' id='word_1_156' title='bbox 304 2593 420 2651; x_wconf 84' lang='lat' dir='ltr'><strong>adsiduo</strong></span> <span class='ocrx_word' id='word_1_157' title='bbox 435 2593 627 2666; x_wconf 79' lang='lat' dir='ltr'><strong>Syrophoenix</strong></span> <span class='ocrx_word' id='word_1_158' title='bbox 640 2599 741 2650; x_wconf 79' lang='lat' dir='ltr'><strong>unctus</strong></span> <span class='ocrx_word' id='word_1_159' title='bbox 755 2611 864 2650; x_wconf 92' lang='lat' dir='ltr'><strong>amomo</strong></span> 
     </span>
     <span class='ocr_line' id='line_1_24' title="bbox 191 2689 1164 2770; baseline -0.002 -21"><span class='ocrx_word' id='word_1_160' title='bbox 191 2693 285 2763; x_wconf 86' lang='lat' dir='ltr'><strong>ourrit,</strong></span> <span class='ocrx_word' id='word_1_161' title='bbox 302 2691 450 2749; x_wconf 91' lang='lat' dir='ltr'><strong>Idumaeae</strong></span> <span class='ocrx_word' id='word_1_162' title='bbox 465 2689 656 2764; x_wconf 84' lang='lat' dir='ltr'><strong>Syrophoenix</strong></span> <span class='ocrx_word' id='word_1_163' title='bbox 669 2690 759 2747; x_wconf 82' lang='lat' dir='ltr'><strong>incola</strong></span> <span class='ocrx_word' id='word_1_164' title='bbox 772 2695 875 2762; x_wconf 89' lang='lat' dir='ltr'><strong>portae,</strong></span> <span class='ocrx_word' id='word_1_165' title='bbox 1056 2710 1092 2747; x_wconf 86' lang='lat'><strong>160</strong></span> <span class='ocrx_word' id='word_1_166' title='bbox 1161 2763 1164 2770; x_wconf 31' lang='grc' dir='ltr'>Ι</span> 
     </span>
     <span class='ocr_line' id='line_1_25' title="bbox 191 2787 879 2862; baseline -0.001 -16"><span class='ocrx_word' id='word_1_167' title='bbox 191 2790 309 2862; x_wconf 84' lang='lat' dir='ltr'><strong>hospitis</strong></span> <span class='ocrx_word' id='word_1_168' title='bbox 323 2788 434 2846; x_wconf 88' lang='lat' dir='ltr'><strong>adfectu</strong></span> <span class='ocrx_word' id='word_1_169' title='bbox 449 2789 591 2845; x_wconf 91' lang='lat' dir='ltr'><strong>dominum</strong></span> <span class='ocrx_word' id='word_1_170' title='bbox 606 2807 753 2861; x_wconf 84' lang='lat' dir='ltr'><strong>regemque</strong></span> <span class='ocrx_word' id='word_1_171' title='bbox 767 2787 879 2859; x_wconf 78' lang='lat' dir='ltr'><strong>salutat,</strong></span> 
     </span>
     <span class='ocr_line' id='line_1_26' title="bbox 192 2884 786 2958; baseline 0 -15"><span class='ocrx_word' id='word_1_172' title='bbox 192 2891 221 2944; x_wconf 93' lang='lat' dir='ltr'><strong>et</strong></span> <span class='ocrx_word' id='word_1_173' title='bbox 235 2905 298 2943; x_wconf 89' lang='lat' dir='ltr'><strong>cum</strong></span> <span class='ocrx_word' id='word_1_174' title='bbox 311 2885 403 2943; x_wconf 87' lang='lat' dir='ltr'><strong>venali</strong></span> <span class='ocrx_word' id='word_1_175' title='bbox 419 2884 512 2958; x_wconf 77' lang='lat' dir='ltr'><strong>Cyane</strong></span> <span class='ocrx_word' id='word_1_176' title='bbox 526 2885 667 2942; x_wconf 82' lang='lat' dir='ltr'><strong>succincta</strong></span> <span class='ocrx_word' id='word_1_177' title='bbox 680 2885 786 2958; x_wconf 85' lang='lat' dir='ltr'><strong>lagona.</strong></span> 
     </span>
    </p>
   </div>
   <div class='ocr_carea' id='block_1_8' title="bbox 241 3026 1039 3141">
    <p class='ocr_par' dir='ltr' id='par_1_13' title="bbox 241 3026 1039 3141">
     <span class='ocr_line' id='line_1_27' title="bbox 343 3026 932 3069; baseline 0.002 -2"><span class='ocrx_word' id='word_1_178' title='bbox 343 3029 380 3067; x_wconf 78' lang='lat'><strong>148</strong></span> <span class='ocrx_word' id='word_1_179' title='bbox 393 3026 514 3066; x_wconf 81' lang='lat' dir='ltr'><strong>sufflamine</strong></span> <span class='ocrx_word' id='word_1_180' title='bbox 523 3026 591 3066; x_wconf 90' lang='lat' dir='ltr'><strong>mulio</strong></span> <span class='ocrx_word' id='word_1_181' title='bbox 600 3027 624 3066; x_wconf 75' lang='lat' dir='ltr'><strong>F,</strong></span> <span class='ocrx_word' id='word_1_182' title='bbox 635 3027 655 3067; x_wconf 88' lang='lat' dir='ltr'><strong>S.</strong></span> <span class='ocrx_word' id='word_1_183' title='bbox 666 3027 738 3067; x_wconf 88' lang='lat' dir='ltr'><strong>multo</strong></span> <span class='ocrx_word' id='word_1_184' title='bbox 747 3027 867 3068; x_wconf 81' lang='lat' dir='ltr'><strong>sufflamine</strong></span> <span class='ocrx_word' id='word_1_185' title='bbox 876 3029 901 3068; x_wconf 85' lang='lat' dir='ltr'><strong>P.</strong></span> <span class='ocrx_word' id='word_1_186' title='bbox 912 3044 932 3069; x_wconf 74' lang='grc' dir='ltr'><strong>υ,</strong></span> 
     </span>
     <span class='ocr_line' id='line_1_28' title="bbox 241 3090 1039 3141; baseline 0.001 -9"><span class='ocrx_word' id='word_1_187' title='bbox 241 3093 278 3132; x_wconf 85' lang='lat'><strong>155</strong></span> <span class='ocrx_word' id='word_1_188' title='bbox 292 3090 433 3131; x_wconf 69' lang='lat' dir='ltr'><strong>roborans,</strong></span> <span class='ocrx_word' id='word_1_189' title='bbox 444 3091 562 3141; x_wconf 82' lang='lat' dir='ltr'><strong>torrump.</strong></span> <span class='ocrx_word' id='word_1_190' title='bbox 574 3106 593 3129; x_wconf 74' lang='grc' dir='ltr'><strong>ω.</strong></span> <span class='ocrx_word' id='word_1_191' title='bbox 745 3093 783 3132; x_wconf 77' lang='lat'><strong>159</strong></span> <span class='ocrx_word' id='word_1_192' title='bbox 796 3092 878 3133; x_wconf 84' lang='lat' dir='ltr'><strong>unctus</strong></span> <span class='ocrx_word' id='word_1_193' title='bbox 886 3092 911 3132; x_wconf 89' lang='lat' dir='ltr'><strong>P.</strong></span> <span class='ocrx_word' id='word_1_194' title='bbox 922 3092 980 3132; x_wconf 80' lang='lat' dir='ltr'><strong>udus</strong></span> <span class='ocrx_word' id='word_1_195' title='bbox 987 3102 1008 3141; x_wconf 85' lang='lat' dir='ltr'><strong>p.</strong></span> <span class='ocrx_word' id='word_1_196' title='bbox 1019 3107 1039 3133; x_wconf 79' lang='grc' dir='ltr'><strong>ω,</strong></span> 
     </span>
    </p>
   </div>
   <div class='ocr_carea' id='block_1_9' title="bbox 0 0 1248 3950">
    <p class='ocr_par' dir='ltr' id='par_1_14' title="bbox 0 0 1248 3950">
     <span class='ocr_line' id='line_1_29' title="bbox 0 0 1248 3950; baseline 0 0"><span class='ocrx_word' id='word_1_197' title='bbox 0 0 1248 3950; x_wconf 95' lang='lat' dir='ltr'><strong> </strong></span> 
     </span>
    </p>
   </div>
  </div>
 </body>
</html>
