2484 3950
483 290 616 341 SATURA
634 291 697 342 XVI
851 291 853 295 ’
1000 299 1047 349 113

147 446 349 496 rosata-But
361 461 416 493 now
427 448 448 494 it
458 461 533 494 ccccm
543 445 582 494 tlte
597 446 671 495 beccis
684 463 727 496 arc
740 464 806 498 mere
818 452 936 514 curccjcl
952 456 975 500 tc
990 451 1048 500 aare

210 522 277 570 ceter
287 522 350 570 clusa
360 538 424 583 mea,
438 523 492 571 wlco
503 528 544 572 act
555 526 615 586 aaly
618 526 692 587 serpe
703 526 741 574 tte
752 529 833 576 swerd
845 529 898 576 aad
909 543 951 577 use
962 531 991 588 it,
1006 530 1047 579 but

210 605 248 648 eat
263 600 328 648 their
342 603 445 649 secanda
458 617 487 649 cs
499 602 561 651 eccll.
606 602 681 651 What
697 605 782 653 would
798 606 951 669 Pytlraporas
967 622 1013 670 say
1024 613 1047 657 to

210 677 277 727 raa?

147 795 201 853 Sed
214 797 269 852 iam
285 801 444 869 serpentum
459 798 547 854 maior
561 799 722 857 concordia:
744 802 832 873 parcit

146 894 269 967 cognatis
283 894 398 951 maculis
413 893 511 951 similis
526 894 603 968 fera;
624 895 734 967 quando
749 896 821 953 leoni
1010 915 1046 954 160

146 992 241 1048 sortior
256 991 358 1064 eripuit
373 992 461 1047 vitam
475 991 537 1048 leot
557 1009 613 1063 quo
627 1009 737 1048 nemore
751 1011 883 1064 umquam

144 1090 296 1161 exspiravit
311 1108 376 1162 aper
390 1089 502 1146 maioris
517 1089 649 1146 dentibus
663 1090 742 1161 april

145 1186 242 1242 Indica
256 1186 336 1259 tigris
350 1188 408 1259 agit
422 1186 520 1244 rabida
534 1206 597 1244 cum
612 1187 714 1260 tigride
727 1206 822 1261 pacem

144 1289 324 1357 perpetuam,
345 1284 435 1341 saevis
448 1285 521 1341 inter
535 1303 564 1342 se
579 1286 708 1342 convenit
721 1288 801 1343 ursis.

144 1382 198 1438 Ast
212 1381 318 1438 homini
332 1382 435 1438 ferrum
449 1380 532 1439 letale
546 1382 646 1439 incude
659 1383 780 1440 nefanda
1008 1402 1044 1450 165

144 1480 305 1552 produxisse
318 1498 416 1553 parum
431 1484 492 1552 est3
513 1499 576 1537 cum
590 1486 681 1537 rastra
694 1486 723 1537 et
737 1482 845 1539 sarcula
858 1487 969 1539 tantum

145 1578 255 1635 adsueti
270 1596 392 1651 coquere,
409 1583 438 1635 et
452 1578 551 1635 marris
566 1597 598 1636 ac
611 1596 722 1636 vomere
736 1578 802 1636 lassi

144 1675 291 1732 nescierint
305 1675 389 1748 primi
403 1674 509 1748 gladios
523 1675 671 1733 extendere
685 1676 764 1735 fabri.

144 1774 303 1847 Aspicimus
317 1772 439 1846 populos,
455 1791 571 1847 quorum
587 1793 643 1830 non
657 1774 759 1830 suffieit
772 1775 829 1831 irae

144 1871 273 1928 occidisse
287 1870 426 1943 aliquem,
447 1870 495 1927 sed
509 1876 628 1943 pectora,
644 1871 764 1944 brachia,
781 1871 890 1928 vultum
1009 1901 1045 1938 170

145 1968 310 2026 crediderint
325 1986 411 2041 genus
426 1986 484 2026 esse
498 1967 560 2026 cibi.
605 1967 679 2038 Quid
693 1968 796 2027 diceret
810 1988 882 2043 ergo,

143 2066 189 2123 vel
203 2084 258 2138 quo
271 2083 327 2122 non
341 2066 458 2139 fugeret,
474 2066 498 2122 si
512 2084 586 2123 nunc
599 2066 668 2123 haec
681 2073 806 2124 monstra
819 2068 926 2125 videret

144 2163 324 2237 Pythagoras,
342 2165 447 2221 cunctis
462 2163 630 2221 animalibus
644 2164 781 2222 abstinuit
794 2166 843 2238 qui

142 2266 287 2334 tamquam
301 2261 413 2318 homine
427 2266 455 2318 et
468 2262 561 2318 ventri
575 2261 693 2318 indulsit
708 2281 763 2319 non
777 2280 857 2320 omne
871 2262 1020 2335 legumenl

461 2492 618 2550 SATURA
639 2494 711 2550 XVI

143 2623 191 2668 1-6.
197 2649 228 2656 -
235 2620 310 2669 What
321 2621 559 2682 comtempsisse
569 2636 612 2669 are
624 2626 648 2670 to
658 2622 684 2670 bc
691 2637 746 2670 were
758 2622 788 2684 by
796 2623 835 2671 tbc
842 2623 941 2683 soldier,
952 2624 979 2686 a's
983 2624 1043 2686 calp

205 2699 234 2746 be
245 2704 322 2747 catera
333 2699 372 2747 tlte
380 2701 467 2747 service
478 2699 559 2747 under
569 2714 587 2746 e
598 2700 672 2761 luclcy
683 2705 753 2749 star!

142 2816 219 2886 Qurs
234 2834 378 2873 numerare
393 2821 477 2888 queat
489 2815 578 2872 felicis
592 2818 723 2889 praemia,
739 2817 823 2890 Galli,

139 2913 276 2971 militiaei
317 2913 392 2969 Nam
406 2914 429 2969 si
444 2913 599 2970 subeuntur
612 2933 743 2987 prospera
757 2921 854 2987 castra,

138 3028 184 3066 me
198 3009 329 3081 pavidum
344 3011 464 3082 excipiat
478 3011 596 3067 tironem
611 3016 692 3083 porta
706 3012 825 3069 seeundo

137 3107 235 3170 sidere.
280 3107 347 3163 Plus
361 3107 465 3164 etenim
480 3108 533 3164 sati
547 3107 623 3165 valet
638 3108 705 3165 hora
719 3109 838 3181 benigni,

137 3222 222 3276 quam
237 3204 261 3260 si
275 3222 325 3260 nos
340 3204 456 3261 Veneris
471 3204 645 3262 commendet
659 3206 779 3279 epistula
793 3207 880 3264 Marti
1029 3234 1040 3270 5

136 3307 167 3357 et
182 3300 277 3357 Samia
290 3302 411 3373 genitrix
425 3320 495 3374 quae
510 3301 665 3359 delectatur
679 3321 769 3362 arena.

415 3423 452 3460 168
465 3421 588 3461 nescierant
597 3423 621 3463 F.
632 3421 737 3462 excudere
746 3437 761 3465 c.

223 3485 259 3524 171
273 3484 410 3524 crediderant
419 3485 443 3523 F.
547 3485 584 3526 172
597 3485 673 3525 nestra
683 3485 706 3525 F.
809 3488 819 3524 1
835 3484 896 3524 Galle
903 3495 924 3534 p.
935 3501 955 3524 ω.

585 3556 596 3595 Ι
