2484 3950
479 290 613 342 SATURA
631 290 695 340 xlv

144 437 193 494 sed
206 441 353 510 peccaturo
367 436 487 494 obsistat
501 437 555 494 tibi
568 437 643 493 filius
657 437 757 493 infans.

146 537 221 594 Nam
235 538 260 593 si
274 536 343 610 quid
356 536 472 610 dignum
486 538 606 594 censoris
620 536 717 593 feccrit
731 536 773 592 ira
1019 564 1045 600 φ

145 635 319 708 quandoque,
335 639 364 692 et
378 635 498 692 similem
512 635 566 692 tibi
580 654 609 691 se
624 652 679 691 non
693 652 804 707 corpore
817 637 931 702 tantum

145 751 196 790 neo
209 733 292 790 vultu
306 732 421 805 dederit,
438 751 547 790 morum
561 750 671 805 quoque
685 732 766 804 filius,
783 736 812 789 et
826 732 875 805 qui

146 832 240 888 omnia
254 830 375 888 deterius
390 836 441 888 tua
453 849 503 903 per
516 831 636 903 vestigia
649 835 762 903 peccet:

146 928 276 1001 corripies
290 928 423 984 nimirum
437 934 466 985 et
480 927 631 1000 castigabis
645 928 743 984 acerbo

147 1025 266 1082 clamore
280 1044 312 1082 ac
325 1029 389 1099 post
404 1025 471 1082 haee
485 1025 596 1083 tabulas
610 1030 719 1082 mutare
733 1023 851 1097 parabis
1020 1050 1046 1090 55

147 1122 231 1179 Unde
245 1123 299 1179 tibi
312 1107 433 1180 frontem
446 1123 661 1195 libertatemque
675 1104 806 1195 parentis,

147 1239 211 1279 cum
225 1221 311 1278 facias
324 1221 417 1293 peiora
431 1238 515 1278 senex
529 1239 702 1293 vacuumque
716 1219 826 1277 cerebro

147 1319 204 1375 iam
218 1318 325 1391 pridem
339 1323 423 1391 capnt
436 1318 489 1374 hoo
502 1323 619 1374 ventosa
633 1317 777 1375 cucurbita
790 1316 924 1390 quaerati

148 1498 329 1547 saon-Yon
339 1498 395 1545 take
409 1501 478 1559 meat
489 1511 544 1545 core
555 1501 579 1544 to
590 1496 662 1545 neate
678 1511 743 1559 pour
753 1496 827 1544 house
841 1495 911 1544 clean
921 1494 975 1542 arod
991 1493 1047 1557 tidp

212 1574 343 1637 winengen
353 1579 431 1637 expect
442 1590 460 1621 a
470 1579 554 1637 preat:
571 1575 628 1623 anili
644 1589 694 1637 pou
708 1579 758 1634 aot,
765 1575 812 1636 for
825 1573 864 1624 tu
874 1573 932 1623 sake
942 1574 972 1637 of
983 1588 1048 1636 pour

212 1668 264 1713 roa,
278 1652 335 1715 keep
346 1653 368 1701 o
373 1654 516 1715 parassem
527 1654 595 1702 eice?

191 1770 310 1843 Hospite
324 1774 449 1841 venturo,
466 1770 585 1827 cessabit
600 1788 680 1826 nemo
694 1774 814 1827 tuorum.

150 1867 264 1925 “Verre
277 1868 478 1940 pavimentum,
495 1868 599 1925 nitidas
614 1867 729 1924 ostende
743 1865 893 1938 columnas,
1021 1886 1047 1924 so

148 1965 227 2023 arida
240 1985 303 2024 oum
318 1970 380 2023 tota
393 1965 543 2024 descendat
557 1984 659 2023 aranea
672 1964 747 2038 tela;

148 2065 193 2122 hie
206 2064 268 2122 leve
282 2070 437 2137 argentum,
453 2082 520 2121 vasa
534 2083 631 2137 aspera
644 2070 753 2138 tergeat
766 2063 837 2121 alter
847 2085 854 2122 z
863 2064 879 2090 ”

148 2181 203 2220 vox
217 2162 323 2219 domini
336 2161 406 2218 furit
420 2162 552 2218 instantis
566 2162 729 2234 virgamque
744 2162 872 2218 tenentis.

149 2261 222 2332 Ergo
235 2261 320 2317 miser
334 2259 464 2332 trepidas,
480 2277 515 2316 ne
529 2263 649 2316 stercore
663 2257 744 2315 foeda
757 2259 855 2315 canino

147 2358 220 2415 atria
233 2358 399 2431 displiceant
413 2358 499 2414 oculis
512 2358 651 2415 venientis
665 2357 754 2428 amici,

75 2437 78 2444 ¹
148 2474 198 2514 nec
211 2456 323 2529 perfusa
335 2455 397 2512 luto
411 2457 449 2512 sit
463 2456 604 2528 porticus3
626 2460 655 2511 et
669 2459 763 2511 tamen
777 2472 833 2511 uno

148 2553 271 2610 semodio
285 2553 375 2609 scobis
389 2552 456 2609 haee
471 2552 601 2609 emendat
615 2551 742 2608 servulus
756 2570 847 2608 unus:

148 2651 220 2708 illud
235 2669 290 2707 non
303 2652 402 2723 agitas,
417 2655 451 2706 ut
464 2655 590 2707 sanctam
603 2649 679 2706 filins
693 2651 769 2705 omni

149 2749 265 2821 aspiciat
279 2749 338 2805 sine
353 2748 415 2805 labe
429 2748 543 2806 domum
557 2749 681 2820 vitioque
695 2748 853 2805 carentemi

150 2930 301 2993 tosa-If
307 2945 357 2991 pou
368 2931 438 2978 troia
449 2929 503 2978 tim
515 2929 578 2988 weil,
593 2945 658 2992 pour
669 2944 713 2978 aon
723 2944 783 2991 orep
796 2930 821 2977 be
831 2945 848 2977 o
860 2929 963 2990 blersinp
974 2932 997 2976 to
1008 2929 1049 2978 bia

131 3048 134 3054 .
214 3011 319 3068 marriry
324 3025 335 3066 ;
353 3007 395 3055 but
402 3022 432 3054 aa
439 3006 524 3069 merely
532 3022 560 3054 os
571 3022 655 3069 percep
665 3007 871 3069 coimissollow
882 3007 921 3055 tte
931 3006 1013 3055 habits
1023 3008 1052 3070 os

214 3084 280 3133 their
301 3085 395 3145 menica,
418 3099 443 3132 ao
462 3084 583 3146 certainly
603 3084 659 3133 will
678 3083 707 3132 te
727 3083 753 3132 be
770 3083 837 3132 what
856 3099 920 3146 pour
938 3086 1049 3146 example

215 3162 299 3209 moires
309 3161 371 3210 bien.

151 3279 272 3335 Gratum
287 3283 338 3350 est,
355 3278 428 3351 qnod
442 3280 548 3350 patriae
563 3280 653 3337 civem
666 3279 822 3353 populoque
837 3280 946 3340 dedisti.
1026 3310 1050 3346 70

152 3374 176 3430 si
190 3374 266 3443 facis,
281 3378 314 3430 nt
328 3375 434 3447 patriae
448 3376 486 3432 sit
500 3376 623 3447 idonens,
640 3376 718 3433 utilis
732 3378 813 3450 agris,

152 3476 232 3533 utilis
246 3479 274 3532 et
288 3475 424 3533 bellorum
439 3481 467 3533 et
481 3478 557 3549 pacis
571 3478 654 3536 rebus
669 3479 788 3551 agendis.
