2484 3950
201 312 248 362 114
467 312 498 362 D.
521 311 614 362 IUNII
635 312 824 362 IUVENALIS

201 515 379 577 tra-Fara,
394 518 420 579 is
433 517 462 564 lte
477 517 585 565 aesculis
596 532 614 564 o
624 532 693 576 mun,
707 532 739 565 oo
750 532 793 565 orae
804 518 861 565 will
874 523 973 566 camare
984 523 1008 566 lo
1018 534 1100 567 meuse

265 595 327 645 dim.

243 712 395 770 Commoda
408 718 559 772 tractemus
573 714 695 786 primum
709 715 882 771 eommunia:
904 732 1021 785 quorum

200 809 276 866 haud
291 810 437 866 minimum
451 810 522 867 illud
537 811 598 881 crit,
614 829 650 867 ne
664 817 693 868 te
707 810 817 883 pulsare
831 815 944 883 togatus

201 908 321 980 audeat3
341 908 427 965 immo
442 909 495 966 etsi
509 909 644 982 pulsetur,
661 908 826 981 dissimulet,
843 927 892 965 nec

201 1004 303 1061 audeat
317 1023 445 1062 excussos
459 1007 579 1079 praetori
594 1006 738 1063 ostendere
752 1006 849 1063 (lantes

202 1107 230 1158 et
244 1104 350 1175 nigram
365 1104 395 1159 in
409 1104 479 1161 facie
493 1104 611 1160 tumidis
625 1104 760 1161 livoribus
774 1104 857 1160 offam

201 1205 286 1271 atque
299 1200 418 1271 oculum,
434 1200 541 1257 medico
555 1199 595 1257 nil
609 1201 799 1274 promittente,
816 1200 952 1259 relictum.

203 1405 370 1453 raas-For
389 1404 481 1468 tdouqlr
500 1405 539 1454 tlte
557 1406 637 1468 rouplr
656 1408 784 1456 centumalo
799 1406 854 1455 cudo
873 1409 1021 1470 iamcipaed
1039 1423 1068 1456 us
1087 1423 1104 1455 a

262 1482 340 1544 junge
351 1498 411 1545 mag
421 1484 452 1530 do
464 1483 502 1531 tlte
512 1498 610 1532 accacmr
615 1485 714 1545 justice,
729 1484 793 1532 tlrcrc
804 1500 847 1532 arc
859 1484 897 1532 tlte
902 1485 1103 1546 follow-solitura

268 1560 296 1622 ⁰f
303 1559 342 1608 the
353 1561 460 1618 ananau
473 1559 528 1608 who
544 1561 600 1608 will
616 1562 672 1608 tolcc
688 1577 743 1610 cure
759 1560 812 1609 titul
829 1561 868 1609 the
884 1577 981 1625 reocupc
998 1565 1021 1611 is
1036 1578 1103 1612 marc

262 1638 371 1700 putasal
382 1637 444 1686 than
455 1637 494 1685 ide
505 1638 616 1701 oriqirrul
628 1654 718 1701 wrorrp

203 1755 354 1812 Bardaicus
367 1755 451 1812 index
465 1755 548 1813 datur
562 1756 630 1813 haec
644 1757 741 1829 punire
755 1757 868 1830 volenti,

203 1853 310 1909 calcem
324 1857 353 1909 et
366 1854 484 1925 grandes
498 1872 599 1927 magna
613 1854 650 1911 ad
663 1854 796 1911 subsellia
808 1873 895 1927 surae,

202 1950 310 2023 legibus
324 1951 446 2026 antiquis
461 1958 614 2009 castrorum
629 1956 658 2009 et
672 1970 747 2009 more
762 1951 874 2010 Oamilli

202 2054 320 2121 servato,
337 2048 416 2106 miles
430 2068 464 2107 ne
478 2049 584 2107 vallum
598 2050 691 2123 litiget
705 2054 784 2107 extra

203 2153 232 2203 et
245 2145 341 2219 procul
355 2164 373 2202 a
386 2147 479 2219 signis.
523 2147 683 2204 Iustissima
696 2149 888 2205 centurionum

203 2244 325 2317 cognitio
339 2248 382 2300 est
396 2244 483 2315 igitur
497 2244 531 2301 de
545 2245 635 2302 milite
646 2266 654 2317 3
667 2264 724 2302 nec
738 2244 809 2301 mihi
823 2245 896 2304 derit

203 2342 281 2414 ultio,
299 2341 323 2397 si
337 2341 428 2398 iustae
442 2341 566 2399 defertur
580 2361 663 2399 causa
677 2342 810 2415 querelae.

204 2440 276 2496 Tota
291 2444 385 2495 tamen
399 2438 495 2496 cohors
510 2444 553 2497 est
566 2441 686 2517 inimica,
703 2458 852 2511 omnesque
865 2439 982 2512 manipli
1079 2470 1105 2496 ω

203 2555 338 2596 consensu
352 2554 452 2609 magno
466 2538 596 2609 efficiunt,
613 2535 743 2592 curabilis
757 2542 789 2592 ut
804 2537 842 2593 sit

204 2636 328 2693 vindicta
342 2640 371 2691 et
384 2635 501 2707 gravior,
517 2652 600 2708 quam
616 2634 725 2691 iniuria.
768 2634 893 2705 Dignum
907 2635 961 2690 erit
974 2652 1038 2706 ergo

204 2732 396 2791 declamatoris
411 2730 516 2788 mulino
530 2731 610 2788 corde
624 2730 742 2804 Vagelli,

204 2850 265 2888 cum
281 2830 336 2887 duo
351 2847 430 2886 crura
443 2829 553 2900 habeas,
571 2828 707 2886 offendere
721 2834 765 2885 tot
779 2827 888 2901 caligas,
906 2834 949 2885 tot

203 2928 282 2985 milia
296 2927 443 2984 clavorum.
488 2926 556 2996 Quis
571 2931 630 2983 tam
644 2925 739 2998 procul
753 2925 827 2982 absit
841 2926 877 2983 ab
890 2926 959 2983 urbe
1080 2954 1105 2991 ης

204 3024 364 3098 praetereal
385 3023 447 3096 quis
461 3027 520 3080 tam
536 3022 663 3095 Pylades,
679 3021 781 3078 molem
794 3022 901 3094 aggeris
915 3020 990 3077 ultra

204 3126 237 3179 ut
251 3120 364 3177 veniatl
405 3119 547 3177 Lacrimae
560 3121 697 3176 siccentur
711 3119 844 3192 protinus,
860 3123 889 3174 et
903 3136 932 3174 se

204 3222 381 3276 excusaturos
395 3235 450 3273 non
465 3217 645 3275 sollicitemus
659 3217 767 3275 amicos.

255 3347 280 3386 12
293 3344 510 3386 oculos-relictores.
618 3345 644 3384 20
657 3344 730 3384 tamen
739 3344 816 3383 cohors
826 3345 850 3384 P.
861 3344 940 3384 cohors
949 3344 1020 3383 tamen
1031 3356 1049 3382 u

431 3410 456 3447 28
470 3408 553 3447 mulino
562 3409 587 3447 P.
598 3423 618 3448 ω,
631 3407 750 3446 Mutinensi
760 3408 779 3446 S.
791 3422 806 3448 ς.
