2484 3950
208 177 253 262 xiv
529 179 793 232 INTRODUCTION

209 331 237 382 et
256 325 337 398 quasi
358 325 408 381 diu
428 330 523 382 tacens
548 325 584 381 ab
609 324 800 396 indignatione
822 325 912 398 eoepit
936 326 975 382 sie
1000 327 1109 384 dicens:

211 422 353 495 “Semper
367 441 417 496 ego
428 424 540 481 auditor
554 426 689 482 tantum.''
733 423 811 480 Fecit
826 422 961 494 quosdam
971 441 1067 479 versus
1082 424 1110 478 in

210 520 339 577 Paridem
374 522 587 593 pantomimum,
624 523 673 596 qui
710 528 772 579 tum
807 521 882 593 apud
917 521 1110 593 imperatorem

209 618 359 692 plurimum
381 624 499 691 poterat.
544 620 607 676 Hae
629 620 663 676 de
685 637 769 677 carisa
782 619 860 674 venit
879 619 909 674 in
928 618 1111 690 suspicionem

209 711 289 784 quasi
309 712 397 784 ipsius
412 713 505 785 [istius
525 713 618 786 Jolra]
638 714 812 785 imperatoris
833 717 959 784 tempora
977 716 1109 783 notasset,

209 829 227 866 a
247 828 301 882 quo
322 810 374 867 sub
396 810 514 867 obtentu
535 810 654 868 militiae
675 811 774 884 pulsus
801 815 844 866 est
872 810 958 867 urbe:
986 809 1110 882 [tandem

210 907 329 962 Romam
349 925 410 963 eum
425 908 533 964 veniret
548 913 577 965 et
596 908 758 965 Martialem
772 926 853 964 suum
867 925 923 963 non
937 906 1056 979 videret]
1070 907 1111 962 ita

209 1004 327 1060 tristitia
349 1008 379 1060 et
403 1022 503 1076 angore
532 1005 615 1078 periit
640 1007 724 1079 [anno
752 1005 854 1062 aetatis
878 1023 943 1061 suae
971 1004 1058 1060 altero
1083 1009 1111 1060 et
1208 1038 1209 1065 r

209 1103 414 1175 octuagesimo}

261 1198 369 1256 Gnour
391 1199 447 1255 ΙΙΙ.
467 1200 593 1256 contains
614 1218 666 1257 one
688 1200 755 1276 Life
770 1198 859 1277 (Jahn
881 1198 941 1277 iu),
960 1200 1022 1255 first
1042 1199 1110 1271 pub

209 1296 299 1352 lished
312 1297 351 1367 by
365 1297 490 1370 Ruperti.

260 1393 372 1450 Marcus
400 1393 499 1451 Iunius
534 1396 684 1467 Iuvenalis,
717 1415 752 1452 ex
786 1395 936 1467 municipio
964 1395 1108 1466 Aquinati,

210 1490 321 1562 ordinis,
348 1496 381 1547 ut
403 1491 500 1563 fertur,
528 1492 730 1564 libertinorum,
758 1494 862 1549 Romae
886 1492 975 1548 literis
999 1509 1110 1563 operam

210 1589 295 1646 dedit.
339 1588 515 1647 Declamavit
536 1609 591 1647 non
611 1592 743 1648 mediocri
763 1591 845 1661 fama,
869 1596 901 1647 ut
922 1590 981 1662 ipse
995 1590 1109 1646 scribit:

212 1687 277 1742 “Et
298 1704 347 1742 nos
369 1686 514 1742 consilium
538 1687 667 1744 dedimus
692 1686 812 1744 Sullae.''
854 1687 995 1744 Extremis
1015 1686 1110 1742 Domi-

209 1785 280 1840 tiani
294 1784 465 1856 temporibus
480 1785 581 1841 missus
595 1786 624 1842 in
639 1785 755 1842 exilium
772 1789 903 1858 expertus
917 1789 960 1842 est
974 1790 1110 1857 quantum

209 1881 291 1937 unius
312 1881 455 1937 histrionis
476 1881 517 1936 ira
538 1881 652 1938 valeret.
696 1881 834 1938 Exulavit‘
859 1882 888 1936 in
909 1880 1037 1953 Aegypto
1058 1880 1110 1936 sub
1208 1872 1209 1875 ¹

209 1981 298 2053 specie
312 1980 423 2036 honoris
437 1998 487 2036 neo
501 1980 565 2037 inde
580 1998 597 2036 a
610 1980 690 2036 novis
709 1978 880 2053 principibus
898 1984 1043 2036 revocatus
1058 1983 1108 2035 est.

210 2077 245 2133 In
256 2076 338 2133 exilio
348 2077 496 2149 ampliavit
506 2081 614 2148 satyras
629 2081 658 2133 et
671 2076 802 2149 pleraque
816 2077 946 2145 mutavit,
959 2074 1111 2131 invehitur-

210 2193 262 2247 que
273 2175 301 2231 in
316 2176 421 2232 cineres
436 2175 599 2234 Domitiani
644 2175 773 2232 Decessit
786 2174 869 2247 longo
880 2174 956 2230 senio
970 2173 1112 2229 confectus

210 2272 274 2328 exul
288 2272 431 2329 Antonino
446 2273 497 2329 Pio
510 2274 682 2347 imperatore

261 2370 371 2428 Gnour
383 2370 434 2428 IV.
452 2372 577 2428 contains
591 2377 649 2428 two
663 2372 745 2429 Lines
760 2368 850 2449 (Jahn
864 2389 889 2427 v.
900 2371 955 2426 and
970 2367 1021 2446 vi.)

261 2468 333 2525 Cum
354 2486 388 2525 ex
408 2468 520 2541 Aquino
540 2470 692 2540 municipio
709 2469 828 2525 Romam
849 2486 877 2524 se
899 2466 1061 2523 contulisset
1082 2471 1111 2521 et
1145 2464 1148 2470 ’
1207 2522 1209 2528 ,

209 2564 245 2621 ad
273 2565 440 2638 dignitatem
469 2566 604 2638 equestris
629 2565 733 2621 ordinis
761 2565 903 2638 pervenire
931 2583 981 2620 sua
1004 2564 1111 2620 virtute
1208 2609 1209 2622 ,

209 2663 364 2735 meruisset,
391 2664 427 2720 ad
454 2663 574 2719 mediam
602 2662 660 2719 fere
687 2667 810 2719 aetatem
837 2661 1004 2719 declamavit
1029 2667 1057 2718 et
1081 2661 1110 2717 in
1208 2701 1209 2704 η

210 2761 340 2818 Paridem
360 2763 570 2834 pantomimum,
595 2761 644 2833 qui
665 2761 694 2815 in
715 2760 821 2817 deliciis
841 2759 915 2832 apud
938 2759 1111 2832 [Traianum]
1208 2751 1209 2764 ³

210 2857 404 2931 imperatorem
432 2858 594 2931 habebatur,
625 2857 760 2931 quaedam
789 2856 911 2913 carmina
937 2855 1011 2927 feeit,
1040 2872 1111 2927 quae

210 2954 309 3011 deinde
333 2955 449 3012 inseruit
476 2956 506 3011 in
534 2973 595 3012 eam
623 2959 755 3025 satyram,
781 2953 846 3009 “Et
873 2970 936 3024 spes
960 2958 989 3009 et
1016 2951 1110 3008 ratio.''

211 3052 284 3109 Sunt
311 3058 405 3108 autern
433 3051 519 3109 haee:
547 3052 656 3121 “Quod
684 3069 739 3107 non
767 3051 837 3107 dant
862 3096 868 3107 .
895 3096 900 3108 .
925 3093 931 3106 .
956 3048 1112 3106 Philomela

210 3147 363 3206 tribunos.''
406 3147 483 3216 Quae
505 3166 568 3204 cum
589 3148 626 3204 ad
647 3165 727 3204 aures
741 3146 877 3220 [Traiani]
894 3146 1006 3217 tyranni
1022 3145 1111 3201 venis-

209 3251 279 3317 sent,
295 3244 340 3302 sui
353 3245 486 3317 temporis
501 3245 573 3302 vitia
586 3244 663 3317 carpi
676 3243 822 3301 intellexit.
868 3243 930 3312 Qua
943 3261 978 3300 ex
996 3261 1025 3299 re
1040 3260 1111 3298 eom-

210 3348 310 3414 motus,
329 3342 407 3399 nulla
427 3342 482 3399 alia
502 3343 642 3399 occasione
663 3347 773 3414 reperta
793 3342 941 3399 struendae
962 3339 1060 3397 mortis
1081 3339 1111 3395 in
