<?xml version="1.0" encoding="UTF-8"?>
<!DOCTYPE html PUBLIC "-//W3C//DTD XHTML 1.0 Transitional//EN"
    "http://www.w3.org/TR/xhtml1/DTD/xhtml1-transitional.dtd">
<html xmlns="http://www.w3.org/1999/xhtml" xml:lang="en" lang="en">
 <head>
  <title>
</title>
<meta http-equiv="Content-Type" content="text/html;charset=utf-8" />
  <meta name='ocr-system' content='tesseract 3.04.00' />
  <meta name='ocr-capabilities' content='ocr_page ocr_carea ocr_par ocr_line ocrx_word'/>
</head>
<body>
  <div class='ocr_page' id='page_1' title='image "./decimiiuniiiuve00hardgoog_0142.png"; bbox 0 0 2484 3950; ppageno 0'>
   <div class='ocr_carea' id='block_1_1' title="bbox 183 278 807 329">
    <p class='ocr_par' dir='ltr' id='par_1_1' title="bbox 183 278 807 329">
     <span class='ocr_line' id='line_1_1' title="bbox 183 278 807 329; baseline 0.002 -1"><span class='ocrx_word' id='word_1_1' title='bbox 183 281 215 328; x_wconf 83' lang='lat'>62</span> <span class='ocrx_word' id='word_1_2' title='bbox 451 278 483 328; x_wconf 83' lang='lat' dir='ltr'>D.</span> <span class='ocrx_word' id='word_1_3' title='bbox 502 278 596 328; x_wconf 89' lang='lat' dir='ltr'>IUNII</span> <span class='ocrx_word' id='word_1_4' title='bbox 615 278 807 329; x_wconf 85' lang='lat' dir='ltr'>IUVENALIS</span> 
     </span>
    </p>
   </div>
   <div class='ocr_carea' id='block_1_2' title="bbox 182 423 1083 692">
    <p class='ocr_par' dir='ltr' id='par_1_2' title="bbox 182 423 1083 692">
     <span class='ocr_line' id='line_1_2' title="bbox 182 423 823 497; baseline 0.003 -18"><span class='ocrx_word' id='word_1_5' title='bbox 182 440 311 495; x_wconf 87' lang='lat' dir='ltr'>percussa</span> <span class='ocrx_word' id='word_1_6' title='bbox 324 424 433 482; x_wconf 82' lang='lat' dir='ltr'>Oceano</span> <span class='ocrx_word' id='word_1_7' title='bbox 448 423 569 497; x_wconf 86' lang='lat' dir='ltr'>Niloque</span> <span class='ocrx_word' id='word_1_8' title='bbox 583 424 696 481; x_wconf 90' lang='lat' dir='ltr'>admota</span> <span class='ocrx_word' id='word_1_9' title='bbox 709 426 823 497; x_wconf 83' lang='lat' dir='ltr'>tepenti,</span> 
     </span>
     <span class='ocr_line' id='line_1_3' title="bbox 183 521 1083 595; baseline 0.001 -18"><span class='ocrx_word' id='word_1_10' title='bbox 183 538 277 577; x_wconf 88' lang='lat' dir='ltr'>rursus</span> <span class='ocrx_word' id='word_1_11' title='bbox 291 521 327 578; x_wconf 89' lang='lat' dir='ltr'>ad</span> <span class='ocrx_word' id='word_1_12' title='bbox 340 521 511 595; x_wconf 81' lang='lat' dir='ltr'><strong>Aethiopum</strong></span> <span class='ocrx_word' id='word_1_13' title='bbox 525 521 640 594; x_wconf 91' lang='lat' dir='ltr'>populos</span> <span class='ocrx_word' id='word_1_14' title='bbox 655 521 780 593; x_wconf 90' lang='lat' dir='ltr'>altosque</span> <span class='ocrx_word' id='word_1_15' title='bbox 794 521 961 594; x_wconf 83' lang='lat' dir='ltr'>elephantos</span> <span class='ocrx_word' id='word_1_16' title='bbox 1048 551 1057 577; x_wconf 86' lang='lat'>1</span> <span class='ocrx_word' id='word_1_17' title='bbox 1071 551 1083 578; x_wconf 80' lang='grc' dir='ltr'>ο</span> 
     </span>
     <span class='ocr_line' id='line_1_4' title="bbox 184 617 805 692; baseline 0.003 -19"><span class='ocrx_word' id='word_1_18' title='bbox 184 617 306 675; x_wconf 77' lang='lat' dir='ltr'><strong>Additur</strong></span> <span class='ocrx_word' id='word_1_19' title='bbox 319 619 441 692; x_wconf 86' lang='lat' dir='ltr'>imperiis</span> <span class='ocrx_word' id='word_1_20' title='bbox 456 618 611 691; x_wconf 77' lang='lat' dir='ltr'>Hispania:</span> <span class='ocrx_word' id='word_1_21' title='bbox 634 619 805 692; x_wconf 80' lang='lat' dir='ltr'>Pyrenaeum</span> 
     </span>
    </p>
   </div>
   <div class='ocr_carea' id='block_1_3' title="bbox 182 715 1133 2259">
    <p class='ocr_par' dir='ltr' id='par_1_3' title="bbox 183 715 958 889">
     <span class='ocr_line' id='line_1_5' title="bbox 183 715 958 790; baseline 0.006 -19"><span class='ocrx_word' id='word_1_22' title='bbox 183 715 313 774; x_wconf 87' lang='lat' dir='ltr'>transilit.</span> <span class='ocrx_word' id='word_1_23' title='bbox 358 715 495 790; x_wconf 77' lang='lat' dir='ltr'>Opposuit</span> <span class='ocrx_word' id='word_1_24' title='bbox 509 721 610 773; x_wconf 86' lang='lat' dir='ltr'>natura</span> <span class='ocrx_word' id='word_1_25' title='bbox 623 715 780 789; x_wconf 86' lang='lat' dir='ltr'>Alpemque</span> <span class='ocrx_word' id='word_1_26' title='bbox 793 717 958 789; x_wconf 81' lang='lat' dir='ltr'>niuemque:</span> 
     </span>
     <span class='ocr_line' id='line_1_6' title="bbox 183 814 830 889; baseline 0.003 -18"><span class='ocrx_word' id='word_1_27' title='bbox 183 814 290 872; x_wconf 75' lang='lat' dir='ltr'>diducit</span> <span class='ocrx_word' id='word_1_28' title='bbox 304 815 429 889; x_wconf 86' lang='lat' dir='ltr'>scopulos</span> <span class='ocrx_word' id='word_1_29' title='bbox 443 821 472 873; x_wconf 86' lang='lat' dir='ltr'>et</span> <span class='ocrx_word' id='word_1_30' title='bbox 486 821 610 874; x_wconf 89' lang='lat' dir='ltr'>montem</span> <span class='ocrx_word' id='word_1_31' title='bbox 624 817 730 888; x_wconf 80' lang='lat' dir='ltr'>rumpit</span> <span class='ocrx_word' id='word_1_32' title='bbox 744 821 830 874; x_wconf 87' lang='lat' dir='ltr'>aceto.</span> 
     </span>
    </p>

    <p class='ocr_par' dir='ltr' id='par_1_4' title="bbox 182 911 1133 1182">
     <span class='ocr_line' id='line_1_7' title="bbox 183 911 936 986; baseline 0.003 -17"><span class='ocrx_word' id='word_1_33' title='bbox 183 911 245 969; x_wconf 86' lang='lat' dir='ltr'>Iam</span> <span class='ocrx_word' id='word_1_34' title='bbox 259 918 337 970; x_wconf 88' lang='lat' dir='ltr'>tenet</span> <span class='ocrx_word' id='word_1_35' title='bbox 351 913 482 972; x_wconf 80' lang='lat' dir='ltr'>Italiam:</span> <span class='ocrx_word' id='word_1_36' title='bbox 504 920 598 971; x_wconf 87' lang='lat' dir='ltr'>tamen</span> <span class='ocrx_word' id='word_1_37' title='bbox 612 913 688 971; x_wconf 88' lang='lat' dir='ltr'>ultra</span> <span class='ocrx_word' id='word_1_38' title='bbox 700 932 812 986; x_wconf 84' lang='lat' dir='ltr'>pergere</span> <span class='ocrx_word' id='word_1_39' title='bbox 827 914 936 971; x_wconf 88' lang='lat' dir='ltr'>tendit:</span> 
     </span>
     <span class='ocr_line' id='line_1_8' title="bbox 186 1010 1133 1085; baseline 0.001 -18"><span class='ocrx_word' id='word_1_40' title='bbox 186 1010 341 1085; x_wconf 75' lang='lat' dir='ltr'>“Actum&#39;&#39;</span> <span class='ocrx_word' id='word_1_41' title='bbox 356 1013 457 1085; x_wconf 88' lang='lat' dir='ltr'>inquit,</span> <span class='ocrx_word' id='word_1_42' title='bbox 473 1013 570 1069; x_wconf 90' lang='lat' dir='ltr'>“nihil</span> <span class='ocrx_word' id='word_1_43' title='bbox 584 1018 636 1085; x_wconf 77' lang='lat' dir='ltr'>est,</span> <span class='ocrx_word' id='word_1_44' title='bbox 652 1012 705 1068; x_wconf 87' lang='lat' dir='ltr'>nisi</span> <span class='ocrx_word' id='word_1_45' title='bbox 720 1011 813 1069; x_wconf 89' lang='lat' dir='ltr'>Poeno</span> <span class='ocrx_word' id='word_1_46' title='bbox 827 1012 918 1079; x_wconf 85' lang='lat' dir='ltr'>milite</span> <span class='ocrx_word' id='word_1_47' title='bbox 932 1017 1026 1085; x_wconf 86' lang='lat' dir='ltr'>portas</span> <span class='ocrx_word' id='word_1_48' title='bbox 1048 1040 1084 1078; x_wconf 79' lang='lat'>155</span> <span class='ocrx_word' id='word_1_49' title='bbox 1131 1021 1133 1025; x_wconf 81' lang='grc'>’</span> 
     </span>
     <span class='ocr_line' id='line_1_9' title="bbox 182 1108 869 1182; baseline 0.003 -18"><span class='ocrx_word' id='word_1_50' title='bbox 182 1108 335 1182; x_wconf 81' lang='lat' dir='ltr'>frangimus</span> <span class='ocrx_word' id='word_1_51' title='bbox 350 1115 378 1167; x_wconf 90' lang='lat' dir='ltr'>et</span> <span class='ocrx_word' id='word_1_52' title='bbox 392 1110 484 1167; x_wconf 87' lang='lat' dir='ltr'>media</span> <span class='ocrx_word' id='word_1_53' title='bbox 497 1110 631 1167; x_wconf 85' lang='lat' dir='ltr'>vexillum</span> <span class='ocrx_word' id='word_1_54' title='bbox 646 1126 717 1182; x_wconf 89' lang='lat' dir='ltr'>pono</span> <span class='ocrx_word' id='word_1_55' title='bbox 732 1108 869 1167; x_wconf 85' lang='lat' dir='ltr'>Subura.’&#39;</span> 
     </span>
    </p>

    <p class='ocr_par' dir='ltr' id='par_1_5' title="bbox 184 1206 766 1280">
     <span class='ocr_line' id='line_1_10' title="bbox 184 1206 766 1280; baseline -0.002 -17"><span class='ocrx_word' id='word_1_56' title='bbox 184 1206 208 1264; x_wconf 94' lang='grc' dir='ltr'>Ο</span> <span class='ocrx_word' id='word_1_57' title='bbox 223 1207 312 1280; x_wconf 84' lang='lat' dir='ltr'>qualis</span> <span class='ocrx_word' id='word_1_58' title='bbox 326 1207 410 1265; x_wconf 88' lang='lat' dir='ltr'>facies</span> <span class='ocrx_word' id='word_1_59' title='bbox 424 1213 453 1264; x_wconf 89' lang='lat' dir='ltr'>et</span> <span class='ocrx_word' id='word_1_60' title='bbox 467 1208 543 1280; x_wconf 86' lang='lat' dir='ltr'>quali</span> <span class='ocrx_word' id='word_1_61' title='bbox 556 1208 642 1280; x_wconf 82' lang='lat' dir='ltr'>digna</span> <span class='ocrx_word' id='word_1_62' title='bbox 655 1207 766 1280; x_wconf 62' lang='lat' dir='ltr'>tabella,</span> 
     </span>
    </p>

    <p class='ocr_par' dir='ltr' id='par_1_6' title="bbox 183 1305 878 1379">
     <span class='ocr_line' id='line_1_11' title="bbox 183 1305 878 1379; baseline 0.003 -18"><span class='ocrx_word' id='word_1_63' title='bbox 183 1324 246 1362; x_wconf 92' lang='lat' dir='ltr'>cum</span> <span class='ocrx_word' id='word_1_64' title='bbox 260 1305 381 1363; x_wconf 81' lang='lat' dir='ltr'>Gaetula</span> <span class='ocrx_word' id='word_1_65' title='bbox 395 1306 493 1363; x_wconf 87' lang='lat' dir='ltr'>ducem</span> <span class='ocrx_word' id='word_1_66' title='bbox 507 1310 632 1379; x_wconf 84' lang='lat' dir='ltr'>portaret</span> <span class='ocrx_word' id='word_1_67' title='bbox 646 1305 739 1362; x_wconf 86' lang='lat' dir='ltr'>bellue</span> <span class='ocrx_word' id='word_1_68' title='bbox 752 1305 878 1363; x_wconf 87' lang='lat' dir='ltr'>luscum!</span> 
     </span>
    </p>

    <p class='ocr_par' dir='ltr' id='par_1_7' title="bbox 184 1403 933 1476">
     <span class='ocr_line' id='line_1_12' title="bbox 184 1403 933 1476; baseline -0.001 -16"><span class='ocrx_word' id='word_1_69' title='bbox 184 1403 284 1460; x_wconf 78' lang='lat' dir='ltr'>Exitus</span> <span class='ocrx_word' id='word_1_70' title='bbox 298 1422 362 1476; x_wconf 85' lang='lat' dir='ltr'>ergo</span> <span class='ocrx_word' id='word_1_71' title='bbox 377 1404 439 1476; x_wconf 90' lang='lat' dir='ltr'>quis</span> <span class='ocrx_word' id='word_1_72' title='bbox 453 1404 515 1460; x_wconf 79' lang='lat' dir='ltr'>esti</span> <span class='ocrx_word' id='word_1_73' title='bbox 556 1403 580 1460; x_wconf 92' lang='grc' dir='ltr'>Ο</span> <span class='ocrx_word' id='word_1_74' title='bbox 595 1404 700 1476; x_wconf 84' lang='lat' dir='ltr'>gloria!</span> <span class='ocrx_word' id='word_1_75' title='bbox 721 1403 845 1460; x_wconf 82' lang='lat' dir='ltr'>uincitur</span> <span class='ocrx_word' id='word_1_76' title='bbox 858 1403 933 1460; x_wconf 92' lang='lat' dir='ltr'>idem</span> 
     </span>
    </p>

    <p class='ocr_par' dir='ltr' id='par_1_8' title="bbox 183 1500 1085 1671">
     <span class='ocr_line' id='line_1_13' title="bbox 183 1500 1085 1575; baseline 0 -17"><span class='ocrx_word' id='word_1_77' title='bbox 183 1519 281 1575; x_wconf 91' lang='lat' dir='ltr'>nempe</span> <span class='ocrx_word' id='word_1_78' title='bbox 292 1506 320 1558; x_wconf 92' lang='lat' dir='ltr'>et</span> <span class='ocrx_word' id='word_1_79' title='bbox 334 1502 363 1558; x_wconf 95' lang='lat' dir='ltr'>in</span> <span class='ocrx_word' id='word_1_80' title='bbox 375 1502 503 1559; x_wconf 83' lang='lat' dir='ltr'>exsilium</span> <span class='ocrx_word' id='word_1_81' title='bbox 516 1519 646 1573; x_wconf 87' lang='lat' dir='ltr'>praeceps</span> <span class='ocrx_word' id='word_1_82' title='bbox 658 1500 738 1573; x_wconf 86' lang='lat' dir='ltr'>fugit,</span> <span class='ocrx_word' id='word_1_83' title='bbox 755 1506 839 1573; x_wconf 91' lang='lat' dir='ltr'>atque</span> <span class='ocrx_word' id='word_1_84' title='bbox 853 1501 894 1558; x_wconf 90' lang='lat' dir='ltr'>ibi</span> <span class='ocrx_word' id='word_1_85' title='bbox 907 1519 1024 1574; x_wconf 82' lang='lat' dir='ltr'>magnus</span> <span class='ocrx_word' id='word_1_86' title='bbox 1048 1520 1085 1558; x_wconf 90' lang='lat'>160</span> 
     </span>
     <span class='ocr_line' id='line_1_14' title="bbox 183 1598 868 1671; baseline 0.001 -17"><span class='ocrx_word' id='word_1_87' title='bbox 183 1599 380 1671; x_wconf 86' lang='lat' dir='ltr'>mirandusque</span> <span class='ocrx_word' id='word_1_88' title='bbox 394 1599 479 1656; x_wconf 87' lang='lat' dir='ltr'>cliens</span> <span class='ocrx_word' id='word_1_89' title='bbox 493 1598 572 1656; x_wconf 86' lang='lat' dir='ltr'>sedet</span> <span class='ocrx_word' id='word_1_90' title='bbox 586 1599 622 1655; x_wconf 83' lang='lat' dir='ltr'>ad</span> <span class='ocrx_word' id='word_1_91' title='bbox 637 1598 774 1671; x_wconf 87' lang='lat' dir='ltr'>praetoria</span> <span class='ocrx_word' id='word_1_92' title='bbox 788 1598 868 1670; x_wconf 86' lang='lat' dir='ltr'>regis,</span> 
     </span>
    </p>

    <p class='ocr_par' dir='ltr' id='par_1_9' title="bbox 183 1696 779 1770">
     <span class='ocr_line' id='line_1_15' title="bbox 183 1696 779 1770; baseline 0.002 -17"><span class='ocrx_word' id='word_1_93' title='bbox 183 1696 270 1753; x_wconf 90' lang='lat' dir='ltr'>donec</span> <span class='ocrx_word' id='word_1_94' title='bbox 285 1697 408 1768; x_wconf 82' lang='lat' dir='ltr'>Bithyno</span> <span class='ocrx_word' id='word_1_95' title='bbox 422 1696 509 1753; x_wconf 84' lang='lat' dir='ltr'>libeat</span> <span class='ocrx_word' id='word_1_96' title='bbox 523 1696 639 1770; x_wconf 83' lang='lat' dir='ltr'>vigilare</span> <span class='ocrx_word' id='word_1_97' title='bbox 654 1701 779 1770; x_wconf 87' lang='lat' dir='ltr'>tyranno.</span> 
     </span>
    </p>

    <p class='ocr_par' dir='ltr' id='par_1_10' title="bbox 184 1795 921 1868">
     <span class='ocr_line' id='line_1_16' title="bbox 184 1795 921 1868; baseline 0.001 -17"><span class='ocrx_word' id='word_1_98' title='bbox 184 1795 281 1853; x_wconf 84' lang='lat' dir='ltr'>Finem</span> <span class='ocrx_word' id='word_1_99' title='bbox 295 1797 412 1868; x_wconf 80' lang='lat' dir='ltr'>animae,</span> <span class='ocrx_word' id='word_1_100' title='bbox 428 1814 556 1868; x_wconf 81' lang='lat' dir='ltr'>quaeres</span> <span class='ocrx_word' id='word_1_101' title='bbox 571 1795 707 1852; x_wconf 89' lang='lat' dir='ltr'>humanas</span> <span class='ocrx_word' id='word_1_102' title='bbox 721 1796 833 1853; x_wconf 84' lang='lat' dir='ltr'>miscuit</span> <span class='ocrx_word' id='word_1_103' title='bbox 848 1795 921 1868; x_wconf 88' lang='lat' dir='ltr'>olim,</span> 
     </span>
    </p>

    <p class='ocr_par' dir='ltr' id='par_1_11' title="bbox 183 1892 1084 2160">
     <span class='ocr_line' id='line_1_17' title="bbox 183 1892 915 1966; baseline -0.003 -16"><span class='ocrx_word' id='word_1_104' title='bbox 183 1912 238 1950; x_wconf 92' lang='lat' dir='ltr'>non</span> <span class='ocrx_word' id='word_1_105' title='bbox 251 1893 346 1966; x_wconf 82' lang='lat' dir='ltr'>gladii,</span> <span class='ocrx_word' id='word_1_106' title='bbox 362 1911 417 1950; x_wconf 90' lang='lat' dir='ltr'>non</span> <span class='ocrx_word' id='word_1_107' title='bbox 432 1912 499 1950; x_wconf 83' lang='lat' dir='ltr'>saxa</span> <span class='ocrx_word' id='word_1_108' title='bbox 513 1892 628 1965; x_wconf 85' lang='lat' dir='ltr'>dabunt,</span> <span class='ocrx_word' id='word_1_109' title='bbox 645 1912 695 1951; x_wconf 92' lang='lat' dir='ltr'>nec</span> <span class='ocrx_word' id='word_1_110' title='bbox 709 1893 784 1966; x_wconf 80' lang='lat' dir='ltr'>tela3</span> <span class='ocrx_word' id='word_1_111' title='bbox 805 1893 853 1950; x_wconf 88' lang='lat' dir='ltr'>sed</span> <span class='ocrx_word' id='word_1_112' title='bbox 867 1892 915 1949; x_wconf 95' lang='lat' dir='ltr'>ille</span> 
     </span>
     <span class='ocr_line' id='line_1_18' title="bbox 184 1991 1084 2064; baseline -0.001 -16"><span class='ocrx_word' id='word_1_113' title='bbox 184 1992 342 2048; x_wconf 76' lang='lat' dir='ltr'>Cannarum</span> <span class='ocrx_word' id='word_1_114' title='bbox 356 1991 460 2048; x_wconf 86' lang='lat' dir='ltr'>vindex</span> <span class='ocrx_word' id='word_1_115' title='bbox 474 1997 503 2049; x_wconf 88' lang='lat' dir='ltr'>et</span> <span class='ocrx_word' id='word_1_116' title='bbox 517 1992 591 2048; x_wconf 89' lang='lat' dir='ltr'>tanti</span> <span class='ocrx_word' id='word_1_117' title='bbox 605 1992 748 2064; x_wconf 80' lang='lat' dir='ltr'>sanguinis</span> <span class='ocrx_word' id='word_1_118' title='bbox 762 1991 844 2062; x_wconf 89' lang='lat' dir='ltr'>ultor,</span> <span class='ocrx_word' id='word_1_119' title='bbox 1049 2009 1084 2056; x_wconf 80' lang='lat'>165</span> 
     </span>
     <span class='ocr_line' id='line_1_19' title="bbox 183 2087 911 2160; baseline 0 -16"><span class='ocrx_word' id='word_1_120' title='bbox 183 2087 289 2144; x_wconf 86' lang='lat' dir='ltr'>anulus.</span> <span class='ocrx_word' id='word_1_121' title='bbox 332 2088 354 2158; x_wconf 83' lang='grc' dir='ltr'>Ι,</span> <span class='ocrx_word' id='word_1_122' title='bbox 372 2088 492 2159; x_wconf 86' lang='lat' dir='ltr'>demens,</span> <span class='ocrx_word' id='word_1_123' title='bbox 509 2094 537 2144; x_wconf 86' lang='lat' dir='ltr'>et</span> <span class='ocrx_word' id='word_1_124' title='bbox 552 2106 649 2145; x_wconf 87' lang='lat' dir='ltr'>saevas</span> <span class='ocrx_word' id='word_1_125' title='bbox 663 2107 740 2145; x_wconf 91' lang='lat' dir='ltr'>curre</span> <span class='ocrx_word' id='word_1_126' title='bbox 754 2106 803 2160; x_wconf 90' lang='lat' dir='ltr'>per</span> <span class='ocrx_word' id='word_1_127' title='bbox 816 2087 911 2160; x_wconf 79' lang='lat' dir='ltr'>Alpes,</span> 
     </span>
    </p>

    <p class='ocr_par' dir='ltr' id='par_1_12' title="bbox 183 2185 738 2259">
     <span class='ocr_line' id='line_1_20' title="bbox 183 2185 738 2259; baseline 0 -16"><span class='ocrx_word' id='word_1_128' title='bbox 183 2192 216 2243; x_wconf 94' lang='lat' dir='ltr'>ut</span> <span class='ocrx_word' id='word_1_129' title='bbox 230 2187 321 2259; x_wconf 86' lang='lat' dir='ltr'>pueris</span> <span class='ocrx_word' id='word_1_130' title='bbox 335 2186 443 2258; x_wconf 85' lang='lat' dir='ltr'>placeas</span> <span class='ocrx_word' id='word_1_131' title='bbox 458 2191 487 2242; x_wconf 94' lang='lat' dir='ltr'>et</span> <span class='ocrx_word' id='word_1_132' title='bbox 501 2186 666 2243; x_wconf 88' lang='lat' dir='ltr'>declamatio</span> <span class='ocrx_word' id='word_1_133' title='bbox 681 2185 738 2243; x_wconf 86' lang='lat' dir='ltr'>iias.</span> 
     </span>
    </p>
   </div>
   <div class='ocr_carea' id='block_1_4' title="bbox 185 2388 1086 2606">
    <p class='ocr_par' dir='ltr' id='par_1_13' title="bbox 185 2388 1086 2606">
     <span class='ocr_line' id='line_1_21' title="bbox 185 2388 1081 2452; baseline -0.001 -15"><span class='ocrx_word' id='word_1_134' title='bbox 185 2389 486 2448; x_wconf 76' lang='lat' dir='ltr'>168·187.—Alccuudcr,</span> <span class='ocrx_word' id='word_1_135' title='bbox 504 2395 547 2449; x_wconf 84' lang='lat' dir='ltr'>too,</span> <span class='ocrx_word' id='word_1_136' title='bbox 561 2391 608 2452; x_wconf 84' lang='lat' dir='ltr'>sor</span> <span class='ocrx_word' id='word_1_137' title='bbox 624 2389 705 2437; x_wconf 77' lang='lat' dir='ltr'>whom</span> <span class='ocrx_word' id='word_1_138' title='bbox 725 2388 763 2437; x_wconf 76' lang='lat' dir='ltr'>tlte</span> <span class='ocrx_word' id='word_1_139' title='bbox 779 2388 859 2436; x_wconf 83' lang='lat' dir='ltr'>world</span> <span class='ocrx_word' id='word_1_140' title='bbox 875 2402 927 2436; x_wconf 74' lang='lat' dir='ltr'>cous</span> <span class='ocrx_word' id='word_1_141' title='bbox 944 2392 980 2436; x_wconf 85' lang='lat' dir='ltr'>too</span> <span class='ocrx_word' id='word_1_142' title='bbox 998 2388 1081 2446; x_wconf 75' lang='lat' dir='ltr'>arnoll,</span> 
     </span>
     <span class='ocr_line' id='line_1_22' title="bbox 241 2466 1086 2530; baseline 0 -15"><span class='ocrx_word' id='word_1_143' title='bbox 241 2469 328 2530; x_wconf 79' lang='lat' dir='ltr'>found</span> <span class='ocrx_word' id='word_1_144' title='bbox 337 2483 355 2515; x_wconf 86' lang='lat' dir='ltr'>u</span> <span class='ocrx_word' id='word_1_145' title='bbox 362 2467 526 2529; x_wconf 72' lang='lat' dir='ltr'>surcupduqus</span> <span class='ocrx_word' id='word_1_146' title='bbox 535 2467 603 2529; x_wconf 77' lang='lat' dir='ltr'>lurpc</span> <span class='ocrx_word' id='word_1_147' title='bbox 611 2466 706 2528; x_wconf 75' lang='lat' dir='ltr'>aucupio</span> <span class='ocrx_word' id='word_1_148' title='bbox 713 2485 723 2520; x_wconf 87' lang='grc'>,·</span> <span class='ocrx_word' id='word_1_149' title='bbox 737 2467 790 2514; x_wconf 77' lang='lat' dir='ltr'>arrd</span> <span class='ocrx_word' id='word_1_150' title='bbox 798 2466 898 2524; x_wconf 79' lang='lat' dir='ltr'>Xermcr,</span> <span class='ocrx_word' id='word_1_151' title='bbox 910 2468 1017 2528; x_wconf 77' lang='lat' dir='ltr'>oturtiuq</span> <span class='ocrx_word' id='word_1_152' title='bbox 1025 2466 1086 2515; x_wconf 72' lang='lat' dir='ltr'>wat</span> 
     </span>
     <span class='ocr_line' id='line_1_23' title="bbox 248 2543 933 2606; baseline 0 -13"><span class='ocrx_word' id='word_1_153' title='bbox 248 2561 284 2593; x_wconf 81' lang='lat' dir='ltr'>oo</span> <span class='ocrx_word' id='word_1_154' title='bbox 294 2545 468 2595; x_wconf 71' lang='lat' dir='ltr'>innumerabis</span> <span class='ocrx_word' id='word_1_155' title='bbox 479 2546 538 2605; x_wconf 76' lang='lat' dir='ltr'>host,</span> <span class='ocrx_word' id='word_1_156' title='bbox 552 2546 670 2594; x_wconf 72' lang='lat' dir='ltr'>retumad</span> <span class='ocrx_word' id='word_1_157' title='bbox 681 2544 743 2593; x_wconf 76' lang='lat' dir='ltr'>with</span> <span class='ocrx_word' id='word_1_158' title='bbox 753 2560 770 2592; x_wconf 87' lang='lat' dir='ltr'>o</span> <span class='ocrx_word' id='word_1_159' title='bbox 781 2544 860 2606; x_wconf 74' lang='lat' dir='ltr'>stapla</span> <span class='ocrx_word' id='word_1_160' title='bbox 870 2543 933 2606; x_wconf 73' lang='lat' dir='ltr'>stip.</span> 
     </span>
    </p>
   </div>
   <div class='ocr_carea' id='block_1_5' title="bbox 184 2662 1087 3412">
    <p class='ocr_par' dir='ltr' id='par_1_14' title="bbox 184 2662 794 2722">
     <span class='ocr_line' id='line_1_24' title="bbox 184 2662 794 2722; baseline -0.007 0"><span class='ocrx_word' id='word_1_161' title='bbox 184 2665 267 2722; x_wconf 84' lang='lat' dir='ltr'>Unus</span> <span class='ocrx_word' id='word_1_162' title='bbox 282 2663 393 2721; x_wconf 90' lang='lat' dir='ltr'>Pellaeo</span> <span class='ocrx_word' id='word_1_163' title='bbox 406 2664 501 2720; x_wconf 90' lang='lat' dir='ltr'>iuveni</span> <span class='ocrx_word' id='word_1_164' title='bbox 515 2682 570 2719; x_wconf 90' lang='lat' dir='ltr'>non</span> <span class='ocrx_word' id='word_1_165' title='bbox 585 2663 688 2719; x_wconf 89' lang='lat' dir='ltr'>sufficit</span> <span class='ocrx_word' id='word_1_166' title='bbox 704 2662 794 2719; x_wconf 89' lang='lat' dir='ltr'>orbis:</span> 
     </span>
    </p>

    <p class='ocr_par' dir='ltr' id='par_1_15' title="bbox 184 2760 760 2834">
     <span class='ocr_line' id='line_1_25' title="bbox 184 2760 760 2834; baseline -0.005 -15"><span class='ocrx_word' id='word_1_167' title='bbox 184 2768 294 2820; x_wconf 83' lang='lat' dir='ltr'>aestuat</span> <span class='ocrx_word' id='word_1_168' title='bbox 307 2761 405 2818; x_wconf 84' lang='lat' dir='ltr'>infelix</span> <span class='ocrx_word' id='word_1_169' title='bbox 418 2766 536 2834; x_wconf 83' lang='lat' dir='ltr'>angusto</span> <span class='ocrx_word' id='word_1_170' title='bbox 551 2760 641 2817; x_wconf 87' lang='lat' dir='ltr'>limite</span> <span class='ocrx_word' id='word_1_171' title='bbox 655 2760 760 2831; x_wconf 90' lang='lat' dir='ltr'>mundi,</span> 
     </span>
    </p>

    <p class='ocr_par' dir='ltr' id='par_1_16' title="bbox 184 2856 1087 3126">
     <span class='ocr_line' id='line_1_26' title="bbox 184 2856 1087 2932; baseline -0.003 -16"><span class='ocrx_word' id='word_1_172' title='bbox 184 2864 217 2916; x_wconf 94' lang='lat' dir='ltr'>ut</span> <span class='ocrx_word' id='word_1_173' title='bbox 232 2859 318 2932; x_wconf 81' lang='lat' dir='ltr'>Gyani</span> <span class='ocrx_word' id='word_1_174' title='bbox 332 2859 441 2915; x_wconf 86' lang='lat' dir='ltr'>clausus</span> <span class='ocrx_word' id='word_1_175' title='bbox 455 2856 574 2929; x_wconf 86' lang='lat' dir='ltr'>scopulis</span> <span class='ocrx_word' id='word_1_176' title='bbox 589 2876 729 2930; x_wconf 86' lang='lat' dir='ltr'>parvaque</span> <span class='ocrx_word' id='word_1_177' title='bbox 745 2857 879 2931; x_wconf 84' lang='lat' dir='ltr'>Seripho:</span> <span class='ocrx_word' id='word_1_178' title='bbox 1051 2888 1087 2924; x_wconf 90' lang='lat'>170</span> 
     </span>
     <span class='ocr_line' id='line_1_27' title="bbox 184 2955 929 3028; baseline -0.003 -15"><span class='ocrx_word' id='word_1_179' title='bbox 184 2975 247 3013; x_wconf 92' lang='lat' dir='ltr'>cum</span> <span class='ocrx_word' id='word_1_180' title='bbox 261 2961 355 3013; x_wconf 87' lang='lat' dir='ltr'>tamen</span> <span class='ocrx_word' id='word_1_181' title='bbox 370 2975 387 3012; x_wconf 90' lang='lat' dir='ltr'>a</span> <span class='ocrx_word' id='word_1_182' title='bbox 399 2956 493 3028; x_wconf 80' lang='lat' dir='ltr'>figulis</span> <span class='ocrx_word' id='word_1_183' title='bbox 508 2956 646 3013; x_wconf 90' lang='lat' dir='ltr'>munitam</span> <span class='ocrx_word' id='word_1_184' title='bbox 662 2956 810 3013; x_wconf 88' lang='lat' dir='ltr'>intraverit</span> <span class='ocrx_word' id='word_1_185' title='bbox 824 2955 929 3026; x_wconf 83' lang='lat' dir='ltr'>urbem,</span> 
     </span>
     <span class='ocr_line' id='line_1_28' title="bbox 184 3053 911 3126; baseline 0 -17"><span class='ocrx_word' id='word_1_186' title='bbox 184 3053 350 3125; x_wconf 85' lang='lat' dir='ltr'>sarcophago</span> <span class='ocrx_word' id='word_1_187' title='bbox 365 3058 513 3110; x_wconf 86' lang='lat' dir='ltr'>contentus</span> <span class='ocrx_word' id='word_1_188' title='bbox 527 3054 588 3111; x_wconf 92' lang='lat' dir='ltr'>erit.</span> <span class='ocrx_word' id='word_1_189' title='bbox 634 3053 712 3111; x_wconf 86' lang='lat' dir='ltr'>Mors</span> <span class='ocrx_word' id='word_1_190' title='bbox 726 3054 785 3111; x_wconf 90' lang='lat' dir='ltr'>sola</span> <span class='ocrx_word' id='word_1_191' title='bbox 798 3053 911 3126; x_wconf 77' lang='lat' dir='ltr'>fatetur,</span> 
     </span>
    </p>

    <p class='ocr_par' dir='ltr' id='par_1_17' title="bbox 185 3150 985 3323">
     <span class='ocr_line' id='line_1_29' title="bbox 185 3150 985 3226; baseline -0.001 -19"><span class='ocrx_word' id='word_1_192' title='bbox 185 3150 320 3224; x_wconf 87' lang='lat' dir='ltr'>quantula</span> <span class='ocrx_word' id='word_1_193' title='bbox 334 3150 390 3207; x_wconf 92' lang='lat' dir='ltr'>sint</span> <span class='ocrx_word' id='word_1_194' title='bbox 405 3151 548 3208; x_wconf 92' lang='lat' dir='ltr'>hominum</span> <span class='ocrx_word' id='word_1_195' title='bbox 563 3152 731 3226; x_wconf 86' lang='lat' dir='ltr'>corpuscula.</span> <span class='ocrx_word' id='word_1_196' title='bbox 776 3151 906 3209; x_wconf 82' lang='lat' dir='ltr'>Oreditur</span> <span class='ocrx_word' id='word_1_197' title='bbox 919 3150 985 3207; x_wconf 93' lang='lat' dir='ltr'>olim</span> 
     </span>
     <span class='ocr_line' id='line_1_30' title="bbox 186 3247 913 3323; baseline -0.003 -17"><span class='ocrx_word' id='word_1_198' title='bbox 186 3248 340 3306; x_wconf 87' lang='lat' dir='ltr'>velificatus</span> <span class='ocrx_word' id='word_1_199' title='bbox 355 3247 453 3321; x_wconf 88' lang='lat' dir='ltr'>Athos,</span> <span class='ocrx_word' id='word_1_200' title='bbox 470 3254 499 3306; x_wconf 90' lang='lat' dir='ltr'>et</span> <span class='ocrx_word' id='word_1_201' title='bbox 513 3250 648 3323; x_wconf 92' lang='lat' dir='ltr'>quidquid</span> <span class='ocrx_word' id='word_1_202' title='bbox 664 3249 780 3308; x_wconf 84' lang='lat' dir='ltr'>Graecia</span> <span class='ocrx_word' id='word_1_203' title='bbox 793 3248 913 3305; x_wconf 85' lang='lat' dir='ltr'>mendax</span> 
     </span>
    </p>

    <p class='ocr_par' dir='ltr' id='par_1_18' title="bbox 186 3344 1086 3412">
     <span class='ocr_line' id='line_1_31' title="bbox 186 3344 1086 3412; baseline -0.003 -8"><span class='ocrx_word' id='word_1_204' title='bbox 186 3347 271 3405; x_wconf 88' lang='lat' dir='ltr'>audet</span> <span class='ocrx_word' id='word_1_205' title='bbox 285 3346 314 3402; x_wconf 89' lang='lat' dir='ltr'>in</span> <span class='ocrx_word' id='word_1_206' title='bbox 329 3344 461 3404; x_wconf 87' lang='lat' dir='ltr'>historia:</span> <span class='ocrx_word' id='word_1_207' title='bbox 483 3353 655 3407; x_wconf 85' lang='lat' dir='ltr'>constratum</span> <span class='ocrx_word' id='word_1_208' title='bbox 670 3348 804 3406; x_wconf 84' lang='lat' dir='ltr'>elassibus</span> <span class='ocrx_word' id='word_1_209' title='bbox 818 3346 906 3403; x_wconf 85' lang='lat' dir='ltr'>isdem</span> <span class='ocrx_word' id='word_1_210' title='bbox 1051 3373 1086 3412; x_wconf 83' lang='lat'>17⁵</span> 
     </span>
    </p>
   </div>
   <div class='ocr_carea' id='block_1_6' title="bbox 477 3480 796 3533">
    <p class='ocr_par' dir='ltr' id='par_1_19' title="bbox 477 3480 796 3533">
     <span class='ocr_line' id='line_1_32' title="bbox 477 3480 796 3533; baseline 0.009 -15"><span class='ocrx_word' id='word_1_211' title='bbox 477 3480 514 3519; x_wconf 83' lang='lat'>150</span> <span class='ocrx_word' id='word_1_212' title='bbox 527 3480 624 3531; x_wconf 78' lang='lat' dir='ltr'>aliosque</span> <span class='ocrx_word' id='word_1_213' title='bbox 633 3497 653 3523; x_wconf 75' lang='grc' dir='ltr'>ω.</span> <span class='ocrx_word' id='word_1_214' title='bbox 664 3481 764 3533; x_wconf 79' lang='lat' dir='ltr'>altosque</span> <span class='ocrx_word' id='word_1_215' title='bbox 773 3482 796 3521; x_wconf 88' lang='lat' dir='ltr'>P.</span> 
     </span>
    </p>
   </div>
   <div class='ocr_carea' id='block_1_7' title="bbox 0 0 1251 3950">
    <p class='ocr_par' dir='ltr' id='par_1_20' title="bbox 0 0 1251 3950">
     <span class='ocr_line' id='line_1_33' title="bbox 0 0 1251 3950; baseline 0 0"><span class='ocrx_word' id='word_1_216' title='bbox 0 0 1251 3950; x_wconf 95' lang='lat' dir='ltr'> </span> 
     </span>
    </p>
   </div>
  </div>
 </body>
</html>
