2484 3950
509 302 644 353 SATURA
662 303 700 352 XI

147 449 294 506 conveniat
308 447 395 520 nobis,
411 448 547 520 rebusque
561 449 599 505 sit
613 449 683 505 utile
696 450 805 506 nestris.

147 547 223 603 Nam
236 565 286 620 pro
300 546 427 603 iucundis
440 547 586 618 aptissima
600 564 725 619 quaeque
739 547 847 603 dabunt
861 546 908 602 Di

147 644 244 702 aanor
257 649 300 701 est
313 643 370 700 illis
383 643 473 715 homo,
490 636 574 716 quam
588 644 650 700 sibi.
694 643 754 700 Nes
768 644 924 700 animorum
1036 676 1048 704 a

146 741 269 814 impulsu
281 746 311 798 et
324 759 404 798 caeca
417 759 571 813 magnaque
585 741 714 814 cupidine
728 741 806 797 ducti

147 839 305 912 coniugium
319 840 440 912 petimus
454 844 621 911 partumque
635 840 746 896 uxoris:
768 843 799 895 at
813 838 869 894 illis
915 881 918 885 .

146 943 253 1007 uotum,
269 938 317 1010 qui
330 939 410 1010 pueri
424 937 568 1010 qualisque
583 936 680 992 futura
693 936 731 992 sit
745 953 821 991 uxor.

147 1034 190 1092 Ut
204 1040 299 1092 tamen
312 1040 342 1091 et
356 1053 451 1107 poscas
464 1034 579 1115 aliquid,
594 1051 750 1105 voveasque
764 1032 872 1089 sacellis

146 1139 220 1204 exta,
236 1139 265 1190 et
278 1133 420 1190 candiduli
434 1133 529 1190 divina
543 1131 683 1189 tomacula
696 1132 812 1204 porci-

147 1231 281 1288 oraudum
295 1236 345 1302 est,
361 1235 394 1287 ut
409 1232 447 1287 sit
461 1248 539 1287 mens
553 1248 620 1286 sana
634 1229 664 1285 ln
678 1246 788 1300 corpore
803 1246 889 1300 san03

146 1329 247 1385 fortem
260 1347 341 1401 posce
354 1330 486 1400 animum,
503 1329 601 1385 mertis
615 1332 718 1384 terrore
733 1330 880 1397 carentem,

147 1427 195 1499 qui
209 1427 332 1498 spatium
345 1427 421 1483 vitae
435 1430 590 1483 extremum
604 1426 679 1482 inter
692 1441 807 1481 munera
820 1427 906 1496 ponat

146 1530 269 1595 naturae,
286 1526 334 1597 qui
348 1524 419 1581 ferre
434 1528 518 1597 queat
532 1541 710 1596 quoscunque
723 1522 840 1594 labores,

147 1623 252 1679 nesciat
266 1623 354 1693 irasci,
371 1623 465 1694 cupiat
479 1620 549 1677 nihil
563 1625 592 1677 et
605 1621 728 1693 potiores

148 1719 278 1776 Herculis
292 1737 437 1776 aerumnas
451 1718 545 1775 credat
558 1736 709 1791 saevusque
723 1717 830 1774 labores

147 1823 176 1876 et
190 1819 297 1875 Venere
312 1824 340 1876 et
354 1819 428 1876 cenis
442 1824 471 1875 et
485 1818 581 1891 pluma
595 1817 784 1890 Sardanapali.

148 1915 275 1974 Monstro
289 1915 363 1989 quod
377 1915 436 1989 ipse
449 1915 503 1973 tibi
516 1916 604 1989 possis
619 1915 703 1971 dare:
725 1914 826 1970 semita
840 1915 913 1969 certe

148 2014 315 2086 tranquillae
328 2032 377 2087 per
391 2014 526 2071 vututcm
540 2018 620 2085 patet
634 2013 717 2069 unica
729 2013 813 2069 vitae.

147 2111 267 2169 Nullum
281 2130 383 2168 numen
397 2110 490 2183 habes,
507 2111 531 2167 si
544 2111 582 2167 sit
597 2109 768 2167 Prudentia:
790 2127 840 2165 nos
855 2113 891 2179 te,

147 2227 197 2265 nos
211 2208 336 2280 facimus,
354 2208 485 2280 Fortuna,
502 2208 591 2265 Deam
606 2208 736 2280 caeloque
750 2207 881 2264 locamus.

488 2469 647 2526 sinuum
667 2468 712 2525 xr
1088 2453 1090 2457 ’

150 2613 538 2677 1-8.—Wmttsfittiapfurtle
547 2614 602 2662 rach
610 2629 672 2662 meu
683 2613 946 2675 uuotfittiapfortlra
956 2612 1049 2661 rua‘reed

212 2691 495 2754 spatdttraflssuaa'lus,
515 2691 569 2740 acle
591 2692 638 2740 aaa
654 2692 711 2753 just
727 2692 823 2741 matred
845 2706 862 2739 a
883 2691 1049 2753 pladaaterial

212 2768 298 2818 school.

148 2883 282 2941 Arrrcus
296 2884 395 2941 eximie
410 2885 435 2940 si
449 2888 539 2953 cenat,
552 2884 648 2941 lautus
662 2884 800 2942 habetur:

148 2982 173 3037 si
186 2980 308 3053 Rutilus,
325 2981 446 3039 demens,
490 2981 565 3050 Quid
579 2982 654 3038 enim
668 2983 770 3038 maiore
785 2981 918 3038 cachinno

61 3078 68 3090 ⁶
148 3081 285 3153 excipitur
299 3080 384 3153 vrrlgi,
401 3098 485 3152 quam
499 3098 605 3152 pauper
618 3080 755 3151 Apiciusl
796 3079 894 3136 Omnis

149 3178 300 3250 convictus,
315 3177 447 3249 thermae,
464 3178 607 3249 stationes,
624 3195 705 3233 omne
720 3177 863 3234 theatrum

149 3276 184 3333 de
199 3275 305 3333 Rutilo.
350 3275 425 3331 Nam
439 3276 506 3331 dum
521 3274 615 3331 valida
629 3293 661 3330 ac
674 3274 814 3331 iuvenalia
824 3276 948 3332 membra
1037 3300 1049 3337 ⁵

149 3374 292 3430 sufficiunt
305 3373 407 3446 galeae,
424 3373 546 3445 dumque
559 3372 640 3429 ardet
654 3374 796 3446 sanguine,
812 3372 900 3430 fertur

258 3504 296 3544 365
308 3502 376 3543 habes
387 3503 411 3542 P.
422 3502 485 3543 abest
492 3513 513 3551 p.
640 3505 652 3543 t
665 3502 751 3543 ardenti
760 3503 783 3544 Ρ.
799 3502 877 3543 ardens
884 3514 906 3552 p.
917 3517 937 3542 a
