2484 3950
479 332 614 383 SATURA
632 333 695 383 XIV

140 475 181 531 nil
194 481 303 548 praeter
316 477 404 533 nubes
417 482 447 534 et
462 477 529 534 caeli
543 496 646 534 numen
660 479 785 548 adorant,

140 591 190 630 nec
204 574 307 631 distare
321 581 423 647 putant
437 575 558 632 humana
572 593 653 632 carne
667 576 785 647 suillam,

140 689 196 741 qua
209 676 288 743 pater
301 671 456 745 abstinuit;
477 690 542 728 mox
555 678 584 728 et
598 673 744 745 praeputia
757 676 883 744 ponunt:

141 768 280 826 Romanas
294 776 389 827 autem
402 771 478 827 soliti
491 777 666 828 contemnere
680 771 760 844 leges,

141 866 286 924 Iudaicum
300 868 427 925 ediscunt
440 874 469 926 et
484 874 596 926 servant
610 889 642 926 ac
657 874 786 927 metuunt
800 870 851 940 ius,

140 964 258 1021 tradidit
271 983 370 1022 arcano
384 966 565 1039 quodcunque
579 965 720 1023 volumine
734 967 863 1037 Moyses:

141 1079 196 1117 non
210 1068 361 1120 monstrare
377 1064 444 1135 vias,
461 1063 556 1120 eadem
570 1064 625 1120 nisi
638 1082 716 1120 sacra
730 1063 838 1134 colenti,

141 1161 298 1230 quaesitum
311 1161 347 1217 ad
361 1161 467 1217 sontem
481 1161 552 1217 solos
567 1160 700 1217 deducere
713 1179 818 1233 verpos.

141 1257 197 1314 Sed
210 1263 290 1331 pater
303 1259 332 1314 in
346 1276 435 1330 causa,
452 1258 497 1314 cui
510 1258 630 1331 septima
643 1276 768 1330 quaeque
781 1256 837 1315 fuit
850 1257 900 1314 lux
1003 1284 1039 1322 ως

140 1354 248 1427 ignava,
266 1361 294 1412 et
307 1360 416 1428 partem
430 1355 505 1412 vitae
519 1373 575 1411 non
589 1356 686 1427 attigit
699 1354 794 1413 ullam.

142 1597 346 1648 wolon-Tua
362 1599 420 1661 only
424 1600 499 1662 fault
515 1599 596 1648 aaut
612 1604 678 1648 murt
694 1599 807 1661 usually
819 1599 844 1646 bc
859 1598 946 1661 louqtt
962 1602 985 1646 to
1001 1598 1040 1647 tlte

205 1691 288 1738 ycuoq
295 1677 318 1723 tr
328 1678 427 1725 ararim
433 1695 445 1735 ;
461 1677 514 1724 arrd
524 1678 579 1724 itis
590 1691 607 1724 a
619 1676 695 1725 leucon
706 1676 786 1725 which
792 1675 892 1740 falters
903 1675 970 1724 auct
981 1676 1040 1738 only

197 1757 242 1803 <loo
252 1754 358 1814 reodilj.

183 1883 287 1955 Sponte
300 1889 395 1941 tamen
409 1885 522 1940 iuvenes
536 1884 685 1940 imitantur
699 1889 806 1941 cetera:
828 1882 915 1940 solam

140 1980 223 2036 inviti
237 1998 346 2054 quoque
360 1981 507 2037 avaritiam
522 1998 646 2038 exercere
661 1980 800 2038 iubentur.

141 2076 227 2134 Fallit
241 2078 315 2133 enim
329 2078 430 2134 vitium
445 2078 534 2150 specie
548 2078 663 2134 virtutis
677 2083 706 2134 et
720 2059 826 2152 umbra,

141 2194 204 2232 cum
218 2176 256 2231 sit
270 2176 351 2232 triste
365 2175 465 2231 habitu
478 2174 614 2247 vultuque
630 2180 659 2231 et
673 2180 751 2232 veste
765 2194 899 2248 severum,
1004 2204 1041 2232 ιω

140 2290 190 2329 nec
204 2272 287 2328 dubie
302 2276 445 2344 tamquam
459 2271 533 2343 frugi
547 2271 677 2329 laudetur
691 2291 798 2345 avarus,

140 2375 284 2442 tamquam
297 2387 396 2442 parcus
410 2368 500 2442 homo,
517 2374 546 2426 et
560 2388 652 2427 rerum
668 2370 758 2426 tutela
772 2388 884 2426 suarum

140 2472 216 2523 certa
229 2467 324 2538 magis,
341 2484 425 2538 qnam
439 2466 463 2522 si
477 2465 603 2523 fortunas
617 2471 709 2523 servet
724 2466 834 2524 easdem

141 2564 326 2636 Hesperidum
340 2581 452 2635 serpens
466 2567 516 2619 aut
531 2562 671 2620 Ponticus.
715 2563 796 2620 Adde
810 2564 884 2635 quod
897 2563 979 2636 hunc,
994 2562 1029 2620 de

141 2679 195 2731 quo
209 2659 312 2733 loquor,
328 2660 468 2733 egregium
482 2659 600 2734 populus
615 2664 698 2733 putat
712 2659 875 2733 adquirendi
1004 2687 1039 2726 ηε

140 2758 291 2814 artificem:
313 2758 414 2830 quippe
428 2758 473 2814 his
487 2762 613 2815 crescunt
628 2758 794 2830 patrimonia
807 2757 900 2830 fabris,

141 2854 190 2911 sed
204 2859 329 2911 crescunt
343 2873 506 2928 quocunque
520 2855 602 2912 modo
616 2854 775 2927 maioraque
788 2855 861 2911 fiunt

140 2952 240 3008 incude
253 2951 370 3008 adsidua
383 2971 544 3025 semperque
558 2952 673 3009 ardente
688 2952 802 3028 camino.

141 3049 180 3105 Et
193 3053 273 3121 pater
286 3066 350 3121 ergo
364 3049 450 3104 animi
464 3049 556 3106 felices
571 3048 659 3105 credit
673 3067 777 3122 avaros,

141 3146 189 3219 qui
203 3146 321 3203 miratur
334 3165 406 3219 opes,
423 3146 470 3218 qui
485 3145 562 3201 nulla
576 3145 702 3218 exempla
715 3146 790 3202 beati
1006 3172 1042 3200 ιω

140 3243 268 3316 pauperis
283 3260 341 3299 esse
356 3247 455 3314 putat:
477 3243 590 3299 iuvenes
606 3242 741 3315 hortatur,
758 3247 790 3299 ut
804 3243 853 3300 illa

140 3339 180 3395 ire
193 3338 241 3395 ria
253 3344 395 3412 peragant,
413 3343 441 3394 et
455 3338 543 3395 eidem
559 3340 717 3396 incumbere
731 3344 829 3398 sectae.

456 3470 493 3508 115
505 3468 572 3519 atque
582 3467 700 3509 verendum
709 3484 725 3512 e,

293 3533 328 3571 121
343 3531 432 3570 illumne.
593 3533 630 3571 122
643 3532 702 3571 vlam
711 3547 731 3573 a.
743 3535 859 3584 pergente

586 3608 608 3649 H
