2484 3950
506 334 641 384 SATURA
658 332 725 383 VIII

162 483 274 552 Quanta
287 486 382 538 autem
396 480 460 537 inde
474 480 545 537 feres
559 485 618 537 tam
633 479 708 536 ditae
722 479 844 552 praemia
858 477 961 551 culpae,

161 599 224 636 cum
238 584 335 636 tenues
349 597 437 652 nuper
451 578 558 636 Marius
572 578 733 635 discinxerit
747 574 850 635 Afrosl
1025 605 1062 632 120

162 676 322 734 Curandum
336 676 479 748 imprImis,
496 694 531 733 ne
545 694 647 748 magna
660 675 761 731 iniuria
774 675 825 730 fiat

161 773 281 830 fortibus
295 779 324 830 et
337 774 462 831 miseris:
483 773 566 829 tollas
579 773 645 829 licet
659 790 747 845 omne,
763 772 837 844 quod
850 790 967 845 usquam
982 775 1025 829 est

161 870 223 926 auri
236 876 320 943 atque
333 871 449 943 argenti,
466 875 577 941 scutum
590 869 769 942 gladiumque
783 869 922 942 reIInques

161 974 191 1026 et
205 968 325 1024 iaculum
340 972 369 1025 et
382 968 508 1040 galeam:
530 968 657 1041 spoliatis
671 985 750 1024 arma
763 972 918 1039 supersunt.

163 1173 366 1222 meren-Bur
385 1172 412 1234 c's
427 1187 477 1234 pou
496 1171 565 1220 clwclc
583 1171 623 1220 tlw
641 1173 755 1233 capacity
774 1172 804 1233 of
817 1186 882 1233 your
900 1171 1004 1230 retium,
1024 1170 1063 1219 tbe

227 1251 382 1312 corruptiore
401 1250 508 1311 osporcr
525 1250 610 1309 aloem,
633 1249 672 1297 the
690 1250 828 1311 acorioeos
842 1264 907 1310 your
926 1250 991 1312 wife,
1013 1264 1063 1311 you

227 1328 284 1377 will
293 1332 335 1377 cot
345 1326 459 1390 cuprum
467 1326 531 1389 your
545 1332 673 1387 armassem,
687 1341 749 1376 were
765 1327 820 1389 clam
830 1327 870 1375 the
888 1327 976 1376 Timar
988 1326 1062 1375 them·

227 1405 307 1453 soloen

205 1522 285 1591 Quod
299 1521 381 1577 modo
394 1521 531 1594 proposui,
547 1539 603 1578 non
617 1526 660 1578 est
674 1521 819 1593 sententia,
832 1539 929 1578 verum
943 1525 1004 1577 est:
1027 1546 1062 1584 125

163 1619 266 1676 credite
280 1637 324 1675 me
338 1617 417 1675 vobis
431 1619 529 1676 folium
543 1620 658 1677 recitare
674 1618 803 1690 Sibyllae

164 1716 195 1773 Si
209 1716 262 1772 tibi
275 1721 371 1772 sancta
385 1716 482 1773 cohors
496 1717 637 1787 comitum,
653 1717 772 1773 sinemo
786 1715 909 1773 tribunal

164 1814 261 1871 vendit
276 1814 474 1886 AoersecomeS,
491 1815 515 1870 si
529 1813 638 1870 nullum
652 1815 681 1870 in
695 1814 809 1886 coniuge
823 1814 933 1885 crimen,

165 1931 214 1969 nec
228 1929 276 1985 per
289 1917 441 1969 conventus
456 1917 484 1969 et
498 1917 597 1970 cuncta
611 1930 660 1985 per
674 1911 774 1985 oppida
788 1913 879 1969 curvis

165 2010 304 2083 unguibus
317 2010 356 2067 ire
370 2016 450 2083 parat
464 2028 592 2067 nummos
605 2016 719 2083 raptura
734 2010 869 2069 Celaeno:
1029 2039 1066 2077 130

166 2115 233 2167 tunc
246 2110 312 2166 licet
326 2129 343 2166 a
357 2109 423 2166 Pico
437 2128 564 2166 numeres
578 2127 673 2181 genus,
689 2108 801 2181 altaque
815 2110 839 2166 si
853 2114 881 2167 te

166 2208 278 2265 nomina
291 2205 438 2277 delectant,
455 2225 570 2274 omnem,
579 2206 711 2262 Titanida
724 2224 845 2279 pugnam

77 2365 79 2377 ,
167 2307 239 2363 iuter
253 2305 369 2361 maiores
382 2305 528 2377 ipsumque
543 2303 710 2361 Promethea
723 2321 825 2376 ponas:

167 2404 201 2459 de
215 2419 377 2474 quocunque
391 2400 467 2457 voles
480 2419 614 2473 proavum
629 2402 682 2458 tibi
696 2402 800 2459 sumito
814 2402 892 2461 libro,

167 2603 377 2653 realta-Jews
399 2617 428 2650 ac
449 2604 476 2665 ts
496 2617 545 2664 you
566 2618 610 2651 ore
632 2603 699 2651 cruat
721 2604 774 2650 orcd
795 2602 924 2661 dictumest,
949 2602 988 2650 tbc
1009 2617 1067 2664 very

231 2681 337 2743 cobilttp
348 2680 542 2743 osyocrfccuer
552 2680 608 2728 will
619 2682 669 2728 riae
679 2695 715 2742 cp
726 2685 749 2728 to
759 2694 842 2728 acerno
853 2695 908 2742 you.

98 2830 102 2836 '
168 2823 249 2895 Quod
262 2824 287 2879 si
300 2823 477 2896 praecipitem
491 2823 565 2895 rapit
578 2822 694 2879 ambitio
708 2829 792 2895 atque
806 2822 900 2890 libido,
936 2895 938 2900 y
1031 2848 1067 2889 13⁵

112 2943 117 2958 ⁸
167 2922 192 2979 si
205 2922 309 2994 frangis
323 2922 415 2993 virgas
429 2921 563 2978 sociorum
577 2920 762 2993 insanguine,
776 2921 799 2976 si
813 2925 842 2977 ta

167 3019 308 3077 delectant
321 3017 435 3075 hebetes
448 3018 520 3075 lasso
533 3017 630 3074 lictore
644 3035 769 3076 secures:

167 3115 265 3187 incipit
279 3116 401 3188 ipsorum
416 3121 512 3172 contra
525 3121 554 3172 te
568 3120 642 3172 stare
656 3122 801 3188 parentum
831 3183 833 3188 ¹

167 3213 307 3284 nobilitas,
324 3213 479 3285 claramque
493 3213 581 3269 facem
595 3211 730 3285 praeferre
745 3212 888 3284 pudendis.

168 3312 258 3368 Omna
272 3310 357 3367 animi
371 3310 472 3366 vitium
486 3315 567 3366 tanto
581 3310 753 3382 conspectius
767 3310 795 3365 iu
810 3328 839 3366 se
1033 3339 1070 3375 140

168 3409 271 3465 crimen
286 3406 378 3478 habet,
395 3412 500 3479 quanto
514 3408 602 3463 maior
615 3406 664 3479 qui
677 3411 772 3479 peccat
785 3406 911 3464 habetur.

522 3541 559 3579 123
572 3538 683 3590 reIInquas
693 3539 714 3579 S.

617 3635 636 3676 Ε
