<?xml version="1.0" encoding="UTF-8"?>
<!DOCTYPE html PUBLIC "-//W3C//DTD XHTML 1.0 Transitional//EN"
    "http://www.w3.org/TR/xhtml1/DTD/xhtml1-transitional.dtd">
<html xmlns="http://www.w3.org/1999/xhtml" xml:lang="en" lang="en">
 <head>
  <title>
</title>
<meta http-equiv="Content-Type" content="text/html;charset=utf-8" />
  <meta name='ocr-system' content='tesseract 3.04.00' />
  <meta name='ocr-capabilities' content='ocr_page ocr_carea ocr_par ocr_line ocrx_word'/>
</head>
<body>
  <div class='ocr_page' id='page_1' title='image "./decimiiuniiiuve00hardgoog_0147.png"; bbox 0 0 2484 3950; ppageno 0'>
   <div class='ocr_carea' id='block_1_1' title="bbox 502 325 1038 379">
    <p class='ocr_par' dir='ltr' id='par_1_1' title="bbox 502 325 1038 379">
     <span class='ocr_line' id='line_1_1' title="bbox 502 325 1038 379; baseline 0 -2"><span class='ocrx_word' id='word_1_1' title='bbox 502 327 637 379; x_wconf 85' lang='lat' dir='ltr'>SATURA</span> <span class='ocrx_word' id='word_1_2' title='bbox 655 328 678 376; x_wconf 87' lang='lat' dir='ltr'>X</span> <span class='ocrx_word' id='word_1_3' title='bbox 1007 325 1038 378; x_wconf 84' lang='lat'>67</span> 
     </span>
    </p>
   </div>
   <div class='ocr_carea' id='block_1_2' title="bbox 139 475 1039 937">
    <p class='ocr_par' dir='ltr' id='par_1_2' title="bbox 139 475 1039 645">
     <span class='ocr_line' id='line_1_2' title="bbox 140 475 1039 548; baseline -0.004 -17"><span class='ocrx_word' id='word_1_4' title='bbox 140 493 288 548; x_wconf 88' lang='lat' dir='ltr'>murmure,</span> <span class='ocrx_word' id='word_1_5' title='bbox 304 494 366 532; x_wconf 92' lang='lat' dir='ltr'>cum</span> <span class='ocrx_word' id='word_1_6' title='bbox 380 475 496 533; x_wconf 85' lang='lat' dir='ltr'>Veneris</span> <span class='ocrx_word' id='word_1_7' title='bbox 510 476 606 531; x_wconf 83' lang='lat' dir='ltr'>fanum</span> <span class='ocrx_word' id='word_1_8' title='bbox 619 475 698 531; x_wconf 83' lang='lat' dir='ltr'>videt</span> <span class='ocrx_word' id='word_1_9' title='bbox 711 475 794 531; x_wconf 86' lang='lat' dir='ltr'>anxia</span> <span class='ocrx_word' id='word_1_10' title='bbox 807 478 904 543; x_wconf 90' lang='lat' dir='ltr'>mater,</span> <span class='ocrx_word' id='word_1_11' title='bbox 1002 500 1039 539; x_wconf 83' lang='lat'>290</span> 
     </span>
     <span class='ocr_line' id='line_1_3' title="bbox 139 570 931 645; baseline -0.003 -17"><span class='ocrx_word' id='word_1_12' title='bbox 139 590 227 645; x_wconf 88' lang='lat' dir='ltr'>usque</span> <span class='ocrx_word' id='word_1_13' title='bbox 241 573 277 629; x_wconf 86' lang='lat' dir='ltr'>ad</span> <span class='ocrx_word' id='word_1_14' title='bbox 291 573 403 629; x_wconf 83' lang='lat' dir='ltr'>delicias</span> <span class='ocrx_word' id='word_1_15' title='bbox 417 578 552 630; x_wconf 82' lang='lat' dir='ltr'>votorum.</span> <span class='ocrx_word' id='word_1_16' title='bbox 598 574 616 601; x_wconf 87' lang='lat'><strong>“</strong></span> <span class='ocrx_word' id='word_1_17' title='bbox 627 571 684 628; x_wconf 79' lang='lat' dir='ltr'>Cur</span> <span class='ocrx_word' id='word_1_18' title='bbox 698 570 818 642; x_wconf 79' lang='lat' dir='ltr'>tameu,”</span> <span class='ocrx_word' id='word_1_19' title='bbox 832 570 931 642; x_wconf 86' lang='lat' dir='ltr'>inquit,</span> 
     </span>
    </p>

    <p class='ocr_par' dir='ltr' id='par_1_3' title="bbox 141 668 850 743">
     <span class='ocr_line' id='line_1_4' title="bbox 141 668 850 743; baseline -0.003 -17"><span class='ocrx_word' id='word_1_20' title='bbox 141 673 159 700; x_wconf 87' lang='lat'><strong>“</strong></span> <span class='ocrx_word' id='word_1_21' title='bbox 168 670 317 743; x_wconf 77' lang='lat' dir='ltr'>corripiasl</span> <span class='ocrx_word' id='word_1_22' title='bbox 358 670 479 727; x_wconf 84' lang='lat' dir='ltr'>Pulchra</span> <span class='ocrx_word' id='word_1_23' title='bbox 491 671 595 743; x_wconf 88' lang='lat' dir='ltr'>gaudet</span> <span class='ocrx_word' id='word_1_24' title='bbox 610 670 719 726; x_wconf 79' lang='lat' dir='ltr'>Latona</span> <span class='ocrx_word' id='word_1_25' title='bbox 733 668 850 725; x_wconf 79' lang='lat' dir='ltr'>Diana,&#39;’</span> 
     </span>
    </p>

    <p class='ocr_par' dir='ltr' id='par_1_4' title="bbox 139 767 782 841">
     <span class='ocr_line' id='line_1_5' title="bbox 139 767 782 841; baseline -0.003 -16"><span class='ocrx_word' id='word_1_26' title='bbox 139 767 196 825; x_wconf 85' lang='lat' dir='ltr'>Sed</span> <span class='ocrx_word' id='word_1_27' title='bbox 209 772 288 825; x_wconf 82' lang='lat' dir='ltr'>vetat</span> <span class='ocrx_word' id='word_1_28' title='bbox 302 768 392 841; x_wconf 87' lang='lat' dir='ltr'>optari</span> <span class='ocrx_word' id='word_1_29' title='bbox 405 768 504 824; x_wconf 87' lang='lat' dir='ltr'>faciem</span> <span class='ocrx_word' id='word_1_30' title='bbox 518 768 656 839; x_wconf 87' lang='lat' dir='ltr'>Lucretia,</span> <span class='ocrx_word' id='word_1_31' title='bbox 673 767 782 839; x_wconf 88' lang='lat' dir='ltr'>qualem</span> 
     </span>
    </p>

    <p class='ocr_par' dir='ltr' id='par_1_5' title="bbox 139 862 866 937">
     <span class='ocr_line' id='line_1_6' title="bbox 139 862 866 937; baseline 0 -18"><span class='ocrx_word' id='word_1_32' title='bbox 139 865 200 937; x_wconf 83' lang='lat' dir='ltr'>ipsa</span> <span class='ocrx_word' id='word_1_33' title='bbox 213 865 329 922; x_wconf 91' lang='lat' dir='ltr'>habuit:</span> <span class='ocrx_word' id='word_1_34' title='bbox 351 871 462 937; x_wconf 88' lang='lat' dir='ltr'>cuperet</span> <span class='ocrx_word' id='word_1_35' title='bbox 476 864 590 921; x_wconf 87' lang='lat' dir='ltr'>Rutilae</span> <span class='ocrx_word' id='word_1_36' title='bbox 604 864 738 936; x_wconf 86' lang='lat' dir='ltr'>Verginia</span> <span class='ocrx_word' id='word_1_37' title='bbox 750 862 866 936; x_wconf 86' lang='lat' dir='ltr'>gibbum</span> 
     </span>
    </p>
   </div>
   <div class='ocr_carea' id='block_1_3' title="bbox 56 961 908 1035">
    <p class='ocr_par' dir='ltr' id='par_1_6' title="bbox 56 961 908 1035">
     <span class='ocr_line' id='line_1_7' title="bbox 56 961 908 1035; baseline -0.002 -17"><span class='ocrx_word' id='word_1_38' title='bbox 56 1020 58 1027; x_wconf 68' lang='grc'><strong>,</strong></span> <span class='ocrx_word' id='word_1_39' title='bbox 138 963 260 1035; x_wconf 89' lang='lat' dir='ltr'>accipere</span> <span class='ocrx_word' id='word_1_40' title='bbox 273 966 357 1034; x_wconf 89' lang='lat' dir='ltr'>atque</span> <span class='ocrx_word' id='word_1_41' title='bbox 371 980 453 1018; x_wconf 91' lang='lat' dir='ltr'>suum</span> <span class='ocrx_word' id='word_1_42' title='bbox 467 961 581 1018; x_wconf 82' lang='lat' dir='ltr'>Rutilae</span> <span class='ocrx_word' id='word_1_43' title='bbox 594 961 667 1019; x_wconf 88' lang='lat' dir='ltr'>dare.</span> <span class='ocrx_word' id='word_1_44' title='bbox 712 961 800 1017; x_wconf 81' lang='lat' dir='ltr'>Filius</span> <span class='ocrx_word' id='word_1_45' title='bbox 814 965 908 1016; x_wconf 90' lang='lat' dir='ltr'>autem</span> 
     </span>
    </p>
   </div>
   <div class='ocr_carea' id='block_1_4' title="bbox 134 1058 1036 3176">
    <p class='ocr_par' dir='ltr' id='par_1_7' title="bbox 137 1058 884 1619">
     <span class='ocr_line' id='line_1_8' title="bbox 138 1058 832 1132; baseline 0 -16"><span class='ocrx_word' id='word_1_46' title='bbox 138 1060 257 1132; x_wconf 86' lang='lat' dir='ltr'>eorporis</span> <span class='ocrx_word' id='word_1_47' title='bbox 271 1059 373 1132; x_wconf 82' lang='lat' dir='ltr'>egregii</span> <span class='ocrx_word' id='word_1_48' title='bbox 386 1060 500 1115; x_wconf 84' lang='lat' dir='ltr'>miseros</span> <span class='ocrx_word' id='word_1_49' title='bbox 514 1058 691 1131; x_wconf 87' lang='lat' dir='ltr'>trepidosque</span> <span class='ocrx_word' id='word_1_50' title='bbox 704 1062 832 1130; x_wconf 87' lang='lat' dir='ltr'>parentes</span> 
     </span>
     <span class='ocr_line' id='line_1_9' title="bbox 137 1154 884 1229; baseline 0 -17"><span class='ocrx_word' id='word_1_51' title='bbox 137 1174 246 1229; x_wconf 82' lang='lat' dir='ltr'>semper</span> <span class='ocrx_word' id='word_1_52' title='bbox 259 1155 352 1213; x_wconf 89' lang='lat' dir='ltr'>habet.</span> <span class='ocrx_word' id='word_1_53' title='bbox 395 1155 470 1211; x_wconf 87' lang='lat' dir='ltr'>Rara</span> <span class='ocrx_word' id='word_1_54' title='bbox 483 1159 527 1212; x_wconf 90' lang='lat' dir='ltr'>est</span> <span class='ocrx_word' id='word_1_55' title='bbox 540 1155 609 1211; x_wconf 86' lang='lat' dir='ltr'>adeo</span> <span class='ocrx_word' id='word_1_56' title='bbox 624 1154 767 1211; x_wconf 90' lang='lat' dir='ltr'>concordia</span> <span class='ocrx_word' id='word_1_57' title='bbox 779 1155 884 1212; x_wconf 84' lang='lat' dir='ltr'>formae</span> 
     </span>
     <span class='ocr_line' id='line_1_10' title="bbox 138 1251 868 1325; baseline 0.001 -16"><span class='ocrx_word' id='word_1_58' title='bbox 138 1257 222 1325; x_wconf 89' lang='lat' dir='ltr'>atque</span> <span class='ocrx_word' id='word_1_59' title='bbox 236 1252 393 1325; x_wconf 87' lang='lat' dir='ltr'>pudicitiae.</span> <span class='ocrx_word' id='word_1_60' title='bbox 438 1251 555 1308; x_wconf 80' lang='lat' dir='ltr'>Sanctus</span> <span class='ocrx_word' id='word_1_61' title='bbox 569 1251 635 1309; x_wconf 93' lang='lat' dir='ltr'>licet</span> <span class='ocrx_word' id='word_1_62' title='bbox 652 1252 764 1309; x_wconf 90' lang='lat' dir='ltr'>horrida</span> <span class='ocrx_word' id='word_1_63' title='bbox 778 1270 868 1310; x_wconf 85' lang='lat' dir='ltr'>mores</span> 
     </span>
     <span class='ocr_line' id='line_1_11' title="bbox 138 1349 841 1422; baseline 0.003 -16"><span class='ocrx_word' id='word_1_64' title='bbox 138 1350 285 1408; x_wconf 73' lang='lat' dir='ltr'>tradiderit</span> <span class='ocrx_word' id='word_1_65' title='bbox 299 1350 405 1422; x_wconf 84' lang='lat' dir='ltr'>domus,</span> <span class='ocrx_word' id='word_1_66' title='bbox 421 1369 454 1406; x_wconf 89' lang='lat' dir='ltr'>ac</span> <span class='ocrx_word' id='word_1_67' title='bbox 467 1353 575 1407; x_wconf 85' lang='lat' dir='ltr'>veteres</span> <span class='ocrx_word' id='word_1_68' title='bbox 588 1349 702 1406; x_wconf 91' lang='lat' dir='ltr'>imitata</span> <span class='ocrx_word' id='word_1_69' title='bbox 715 1349 841 1421; x_wconf 86' lang='lat' dir='ltr'>Sabinos,</span> 
     </span>
     <span class='ocr_line' id='line_1_12' title="bbox 138 1446 875 1521; baseline 0 -17"><span class='ocrx_word' id='word_1_70' title='bbox 138 1453 280 1520; x_wconf 86' lang='lat' dir='ltr'>praeterea</span> <span class='ocrx_word' id='word_1_71' title='bbox 293 1453 401 1505; x_wconf 87' lang='lat' dir='ltr'>castum</span> <span class='ocrx_word' id='word_1_72' title='bbox 414 1447 556 1521; x_wconf 86' lang='lat' dir='ltr'>ingenium</span> <span class='ocrx_word' id='word_1_73' title='bbox 570 1446 736 1520; x_wconf 87' lang='lat' dir='ltr'>vultumque</span> <span class='ocrx_word' id='word_1_74' title='bbox 749 1448 875 1506; x_wconf 86' lang='lat' dir='ltr'>modesto</span> 
     </span>
     <span class='ocr_line' id='line_1_13' title="bbox 137 1545 808 1619; baseline 0.003 -18"><span class='ocrx_word' id='word_1_75' title='bbox 137 1547 270 1618; x_wconf 85' lang='lat' dir='ltr'>sanguine</span> <span class='ocrx_word' id='word_1_76' title='bbox 285 1546 438 1603; x_wconf 85' lang='lat' dir='ltr'>ferventem</span> <span class='ocrx_word' id='word_1_77' title='bbox 452 1545 560 1602; x_wconf 85' lang='lat' dir='ltr'>tribuat</span> <span class='ocrx_word' id='word_1_78' title='bbox 573 1549 675 1602; x_wconf 89' lang='lat' dir='ltr'>natura</span> <span class='ocrx_word' id='word_1_79' title='bbox 688 1545 808 1619; x_wconf 91' lang='lat' dir='ltr'>benigna</span> 
     </span>
    </p>

    <p class='ocr_par' dir='ltr' id='par_1_8' title="bbox 137 1642 938 1817">
     <span class='ocr_line' id='line_1_14' title="bbox 137 1642 938 1722; baseline 0 -22"><span class='ocrx_word' id='word_1_80' title='bbox 137 1643 214 1716; x_wconf 90' lang='lat' dir='ltr'>larga</span> <span class='ocrx_word' id='word_1_81' title='bbox 227 1662 329 1701; x_wconf 87' lang='lat' dir='ltr'>manu:</span> <span class='ocrx_word' id='word_1_82' title='bbox 352 1642 432 1722; x_wconf 90' lang='lat' dir='ltr'>(quid</span> <span class='ocrx_word' id='word_1_83' title='bbox 446 1643 520 1700; x_wconf 89' lang='lat' dir='ltr'>enim</span> <span class='ocrx_word' id='word_1_84' title='bbox 533 1660 618 1715; x_wconf 88' lang='lat' dir='ltr'>puero</span> <span class='ocrx_word' id='word_1_85' title='bbox 633 1642 755 1700; x_wconf 81' lang='lat' dir='ltr'>conferre</span> <span class='ocrx_word' id='word_1_86' title='bbox 768 1649 862 1716; x_wconf 89' lang='lat' dir='ltr'>potest</span> <span class='ocrx_word' id='word_1_87' title='bbox 875 1643 938 1717; x_wconf 88' lang='lat' dir='ltr'>plus</span> 
     </span>
     <span class='ocr_line' id='line_1_15' title="bbox 138 1738 760 1817; baseline 0.002 -19"><span class='ocrx_word' id='word_1_88' title='bbox 138 1742 251 1800; x_wconf 85' lang='lat' dir='ltr'>custode</span> <span class='ocrx_word' id='word_1_89' title='bbox 264 1748 293 1799; x_wconf 89' lang='lat' dir='ltr'>et</span> <span class='ocrx_word' id='word_1_90' title='bbox 307 1760 373 1799; x_wconf 87' lang='lat' dir='ltr'>cura</span> <span class='ocrx_word' id='word_1_91' title='bbox 386 1746 487 1798; x_wconf 86' lang='lat' dir='ltr'>natura</span> <span class='ocrx_word' id='word_1_92' title='bbox 500 1741 640 1814; x_wconf 89' lang='lat' dir='ltr'>potentior</span> <span class='ocrx_word' id='word_1_93' title='bbox 654 1742 729 1797; x_wconf 91' lang='lat' dir='ltr'>omni</span> <span class='ocrx_word' id='word_1_94' title='bbox 738 1738 760 1817; x_wconf 77' lang='lat' dir='ltr'>l)</span> 
     </span>
    </p>

    <p class='ocr_par' dir='ltr' id='par_1_9' title="bbox 137 1837 832 2010">
     <span class='ocr_line' id='line_1_16' title="bbox 138 1837 832 1912; baseline -0.003 -16"><span class='ocrx_word' id='word_1_95' title='bbox 138 1857 193 1896; x_wconf 92' lang='lat' dir='ltr'>non</span> <span class='ocrx_word' id='word_1_96' title='bbox 206 1839 271 1896; x_wconf 90' lang='lat' dir='ltr'>licet</span> <span class='ocrx_word' id='word_1_97' title='bbox 285 1857 344 1896; x_wconf 85' lang='lat' dir='ltr'>esse</span> <span class='ocrx_word' id='word_1_98' title='bbox 358 1839 435 1896; x_wconf 90' lang='lat' dir='ltr'>viro:</span> <span class='ocrx_word' id='word_1_99' title='bbox 457 1856 523 1894; x_wconf 82' lang='lat' dir='ltr'>uam</span> <span class='ocrx_word' id='word_1_100' title='bbox 536 1837 652 1910; x_wconf 89' lang='lat' dir='ltr'>prodiga</span> <span class='ocrx_word' id='word_1_101' title='bbox 665 1839 832 1912; x_wconf 78' lang='lat' dir='ltr'>corruptoris</span> 
     </span>
     <span class='ocr_line' id='line_1_17' title="bbox 137 1935 787 2010; baseline 0.005 -17"><span class='ocrx_word' id='word_1_102' title='bbox 137 1937 300 2010; x_wconf 83' lang='lat' dir='ltr'>improbitas</span> <span class='ocrx_word' id='word_1_103' title='bbox 314 1937 387 2010; x_wconf 88' lang='lat' dir='ltr'>ipsos</span> <span class='ocrx_word' id='word_1_104' title='bbox 401 1935 486 1993; x_wconf 89' lang='lat' dir='ltr'>audet</span> <span class='ocrx_word' id='word_1_105' title='bbox 500 1940 638 2009; x_wconf 86' lang='lat' dir='ltr'>temptare</span> <span class='ocrx_word' id='word_1_106' title='bbox 651 1941 787 2009; x_wconf 84' lang='lat' dir='ltr'>parentes.</span> 
     </span>
    </p>

    <p class='ocr_par' dir='ltr' id='par_1_10' title="bbox 137 2033 866 2203">
     <span class='ocr_line' id='line_1_18' title="bbox 137 2033 866 2107; baseline 0.001 -16"><span class='ocrx_word' id='word_1_107' title='bbox 137 2036 229 2093; x_wconf 83' lang='lat' dir='ltr'>Tanta</span> <span class='ocrx_word' id='word_1_108' title='bbox 242 2036 271 2092; x_wconf 91' lang='lat' dir='ltr'>in</span> <span class='ocrx_word' id='word_1_109' title='bbox 285 2034 445 2091; x_wconf 86' lang='lat' dir='ltr'>muneribus</span> <span class='ocrx_word' id='word_1_110' title='bbox 459 2033 568 2091; x_wconf 85' lang='lat' dir='ltr'>fiducia.</span> <span class='ocrx_word' id='word_1_111' title='bbox 612 2033 715 2091; x_wconf 83' lang='lat' dir='ltr'>Nullus</span> <span class='ocrx_word' id='word_1_112' title='bbox 729 2035 866 2107; x_wconf 89' lang='lat' dir='ltr'>ephebum</span> 
     </span>
     <span class='ocr_line' id='line_1_19' title="bbox 137 2130 818 2203; baseline 0.001 -14"><span class='ocrx_word' id='word_1_113' title='bbox 137 2132 288 2189; x_wconf 87' lang='lat' dir='ltr'>deformem</span> <span class='ocrx_word' id='word_1_114' title='bbox 302 2149 385 2189; x_wconf 82' lang='lat' dir='ltr'>saeva</span> <span class='ocrx_word' id='word_1_115' title='bbox 399 2132 533 2188; x_wconf 83' lang='lat' dir='ltr'>castravit</span> <span class='ocrx_word' id='word_1_116' title='bbox 547 2130 576 2187; x_wconf 90' lang='lat' dir='ltr'>in</span> <span class='ocrx_word' id='word_1_117' title='bbox 590 2139 652 2187; x_wconf 86' lang='lat' dir='ltr'>arce</span> <span class='ocrx_word' id='word_1_118' title='bbox 665 2136 818 2203; x_wconf 83' lang='lat' dir='ltr'>tyrannus:</span> 
     </span>
    </p>

    <p class='ocr_par' dir='ltr' id='par_1_11' title="bbox 137 2227 945 2496">
     <span class='ocr_line' id='line_1_20' title="bbox 137 2227 842 2303; baseline 0.003 -18"><span class='ocrx_word' id='word_1_119' title='bbox 137 2248 187 2287; x_wconf 90' lang='lat' dir='ltr'>nec</span> <span class='ocrx_word' id='word_1_120' title='bbox 201 2234 408 2303; x_wconf 82' lang='lat' dir='ltr'>praetextatum</span> <span class='ocrx_word' id='word_1_121' title='bbox 418 2228 512 2302; x_wconf 91' lang='lat' dir='ltr'>rapuit</span> <span class='ocrx_word' id='word_1_122' title='bbox 527 2228 603 2285; x_wconf 89' lang='lat' dir='ltr'>Nero</span> <span class='ocrx_word' id='word_1_123' title='bbox 616 2227 775 2303; x_wconf 89' lang='lat' dir='ltr'>loripedem,</span> <span class='ocrx_word' id='word_1_124' title='bbox 792 2249 842 2288; x_wconf 89' lang='lat' dir='ltr'>nec</span> 
     </span>
     <span class='ocr_line' id='line_1_21' title="bbox 137 2325 945 2400; baseline 0.004 -17"><span class='ocrx_word' id='word_1_125' title='bbox 137 2332 306 2384; x_wconf 83' lang='lat' dir='ltr'>strumosum</span> <span class='ocrx_word' id='word_1_126' title='bbox 320 2331 404 2399; x_wconf 88' lang='lat' dir='ltr'>atquc</span> <span class='ocrx_word' id='word_1_127' title='bbox 418 2331 498 2383; x_wconf 88' lang='lat' dir='ltr'>utero</span> <span class='ocrx_word' id='word_1_128' title='bbox 512 2327 617 2399; x_wconf 86' lang='lat' dir='ltr'>pariter</span> <span class='ocrx_word' id='word_1_129' title='bbox 630 2325 768 2400; x_wconf 90' lang='lat' dir='ltr'>gibboque</span> <span class='ocrx_word' id='word_1_130' title='bbox 782 2332 945 2386; x_wconf 83' lang='lat' dir='ltr'>tumentem</span> 
     </span>
     <span class='ocr_line' id='line_1_22' title="bbox 137 2422 791 2496; baseline 0.002 -17"><span class='ocrx_word' id='word_1_131' title='bbox 137 2423 153 2479; x_wconf 93' lang='lat' dir='ltr'>I</span> <span class='ocrx_word' id='word_1_132' title='bbox 167 2428 283 2481; x_wconf 88' lang='lat' dir='ltr'>nuncet</span> <span class='ocrx_word' id='word_1_133' title='bbox 297 2424 405 2480; x_wconf 86' lang='lat' dir='ltr'>iuvenis</span> <span class='ocrx_word' id='word_1_134' title='bbox 418 2423 508 2496; x_wconf 85' lang='lat' dir='ltr'>specie</span> <span class='ocrx_word' id='word_1_135' title='bbox 522 2422 626 2480; x_wconf 86' lang='lat' dir='ltr'>laetare</span> <span class='ocrx_word' id='word_1_136' title='bbox 640 2423 691 2494; x_wconf 77' lang='lat' dir='ltr'>tui,</span> <span class='ocrx_word' id='word_1_137' title='bbox 708 2442 791 2496; x_wconf 90' lang='lat' dir='ltr'>quem</span> 
     </span>
    </p>

    <p class='ocr_par' dir='ltr' id='par_1_12' title="bbox 136 2519 854 2787">
     <span class='ocr_line' id='line_1_23' title="bbox 137 2519 800 2594; baseline 0 -17"><span class='ocrx_word' id='word_1_138' title='bbox 137 2521 240 2577; x_wconf 89' lang='lat' dir='ltr'>maiora</span> <span class='ocrx_word' id='word_1_139' title='bbox 254 2525 415 2594; x_wconf 80' lang='lat' dir='ltr'>exspectent</span> <span class='ocrx_word' id='word_1_140' title='bbox 428 2520 606 2593; x_wconf 85' lang='lat' dir='ltr'>discrimina;</span> <span class='ocrx_word' id='word_1_141' title='bbox 626 2519 676 2577; x_wconf 90' lang='lat' dir='ltr'>fiet</span> <span class='ocrx_word' id='word_1_142' title='bbox 690 2519 800 2577; x_wconf 90' lang='lat' dir='ltr'>adulter</span> 
     </span>
     <span class='ocr_line' id='line_1_24' title="bbox 136 2617 854 2691; baseline 0.001 -18"><span class='ocrx_word' id='word_1_143' title='bbox 136 2617 271 2691; x_wconf 84' lang='lat' dir='ltr'>publicus,</span> <span class='ocrx_word' id='word_1_144' title='bbox 288 2622 317 2674; x_wconf 90' lang='lat' dir='ltr'>et</span> <span class='ocrx_word' id='word_1_145' title='bbox 331 2635 432 2690; x_wconf 90' lang='lat' dir='ltr'>poenas</span> <span class='ocrx_word' id='word_1_146' title='bbox 446 2621 553 2675; x_wconf 87' lang='lat' dir='ltr'>metuet</span> <span class='ocrx_word' id='word_1_147' title='bbox 567 2634 745 2690; x_wconf 83' lang='lat' dir='ltr'>quascunque</span> <span class='ocrx_word' id='word_1_148' title='bbox 759 2617 854 2674; x_wconf 87' lang='lat' dir='ltr'>mariti</span> 
     </span>
     <span class='ocr_line' id='line_1_25' title="bbox 136 2714 672 2787; baseline 0 -16"><span class='ocrx_word' id='word_1_149' title='bbox 136 2716 219 2787; x_wconf 78' lang='lat' dir='ltr'>ira&#39;t13</span> <span class='ocrx_word' id='word_1_150' title='bbox 240 2715 331 2786; x_wconf 88' lang='lat' dir='ltr'>debet,</span> <span class='ocrx_word' id='word_1_151' title='bbox 347 2734 398 2772; x_wconf 90' lang='lat' dir='ltr'>nec</span> <span class='ocrx_word' id='word_1_152' title='bbox 411 2714 465 2771; x_wconf 88' lang='lat' dir='ltr'>erit</span> <span class='ocrx_word' id='word_1_153' title='bbox 479 2714 584 2771; x_wconf 86' lang='lat' dir='ltr'>felicior</span> <span class='ocrx_word' id='word_1_154' title='bbox 597 2720 672 2772; x_wconf 85' lang='lat' dir='ltr'>astro</span> 
     </span>
    </p>

    <p class='ocr_par' dir='ltr' id='par_1_13' title="bbox 134 2812 1036 3176">
     <span class='ocr_line' id='line_1_26' title="bbox 138 2812 1009 2885; baseline 0.001 -16"><span class='ocrx_word' id='word_1_155' title='bbox 138 2813 245 2885; x_wconf 88' lang='lat' dir='ltr'>Martis,</span> <span class='ocrx_word' id='word_1_156' title='bbox 262 2813 338 2870; x_wconf 90' lang='lat' dir='ltr'>utin</span> <span class='ocrx_word' id='word_1_157' title='bbox 352 2812 465 2885; x_wconf 74' lang='lat' dir='ltr'>laqueos</span> <span class='ocrx_word' id='word_1_158' title='bbox 479 2829 631 2884; x_wconf 90' lang='lat' dir='ltr'>numquam</span> <span class='ocrx_word' id='word_1_159' title='bbox 648 2813 760 2871; x_wconf 89' lang='lat' dir='ltr'>incidat.</span> <span class='ocrx_word' id='word_1_160' title='bbox 805 2814 902 2885; x_wconf 83' lang='lat' dir='ltr'>Exigit</span> <span class='ocrx_word' id='word_1_161' title='bbox 914 2819 1009 2871; x_wconf 90' lang='lat' dir='ltr'>autem</span> 
     </span>
     <span class='ocr_line' id='line_1_27' title="bbox 135 2909 1036 2984; baseline 0.001 -17"><span class='ocrx_word' id='word_1_162' title='bbox 135 2910 276 2968; x_wconf 89' lang='lat' dir='ltr'>interdum</span> <span class='ocrx_word' id='word_1_163' title='bbox 291 2909 338 2967; x_wconf 88' lang='lat' dir='ltr'>ille</span> <span class='ocrx_word' id='word_1_164' title='bbox 352 2909 431 2967; x_wconf 92' lang='lat' dir='ltr'>dolor</span> <span class='ocrx_word' id='word_1_165' title='bbox 443 2909 515 2984; x_wconf 83' lang='lat' dir='ltr'>plus,</span> <span class='ocrx_word' id='word_1_166' title='bbox 531 2928 615 2982; x_wconf 85' lang='lat' dir='ltr'>quam</span> <span class='ocrx_word' id='word_1_167' title='bbox 630 2910 675 2967; x_wconf 88' lang='lat' dir='ltr'>lex</span> <span class='ocrx_word' id='word_1_168' title='bbox 688 2909 747 2967; x_wconf 86' lang='lat' dir='ltr'>ulla</span> <span class='ocrx_word' id='word_1_169' title='bbox 760 2910 848 2967; x_wconf 90' lang='lat' dir='ltr'>dolori</span> <span class='ocrx_word' id='word_1_170' title='bbox 1000 2939 1036 2979; x_wconf 80' lang='lat'>315</span> 
     </span>
     <span class='ocr_line' id='line_1_28' title="bbox 134 3005 852 3077; baseline -0.001 -13"><span class='ocrx_word' id='word_1_171' title='bbox 134 3008 277 3064; x_wconf 87' lang='lat' dir='ltr'>concessit.</span> <span class='ocrx_word' id='word_1_172' title='bbox 321 3007 412 3064; x_wconf 90' lang='lat' dir='ltr'>Necat</span> <span class='ocrx_word' id='word_1_173' title='bbox 426 3006 471 3062; x_wconf 89' lang='lat' dir='ltr'>bic</span> <span class='ocrx_word' id='word_1_174' title='bbox 485 3006 565 3077; x_wconf 87' lang='lat' dir='ltr'>ferro,</span> <span class='ocrx_word' id='word_1_175' title='bbox 581 3012 656 3063; x_wconf 89' lang='lat' dir='ltr'>secat</span> <span class='ocrx_word' id='word_1_176' title='bbox 670 3005 717 3063; x_wconf 85' lang='lat' dir='ltr'>illc</span> <span class='ocrx_word' id='word_1_177' title='bbox 731 3007 852 3063; x_wconf 88' lang='lat' dir='ltr'>cruentis</span> 
     </span>
     <span class='ocr_line' id='line_1_29' title="bbox 134 3103 875 3176; baseline 0.001 -15"><span class='ocrx_word' id='word_1_178' title='bbox 134 3104 302 3176; x_wconf 84' lang='lat' dir='ltr'>verberibus,</span> <span class='ocrx_word' id='word_1_179' title='bbox 320 3103 454 3176; x_wconf 86' lang='lat' dir='ltr'>quosdam</span> <span class='ocrx_word' id='word_1_180' title='bbox 468 3103 596 3161; x_wconf 81' lang='lat' dir='ltr'>moechos</span> <span class='ocrx_word' id='word_1_181' title='bbox 610 3108 640 3160; x_wconf 91' lang='lat' dir='ltr'>et</span> <span class='ocrx_word' id='word_1_182' title='bbox 653 3103 765 3175; x_wconf 81' lang='lat' dir='ltr'>mugilis</span> <span class='ocrx_word' id='word_1_183' title='bbox 779 3103 875 3162; x_wconf 88' lang='lat' dir='ltr'>intrat.</span> 
     </span>
    </p>
   </div>
   <div class='ocr_carea' id='block_1_5' title="bbox 132 3248 1036 3539">
    <p class='ocr_par' dir='ltr' id='par_1_14' title="bbox 171 3248 315 3288">
     <span class='ocr_line' id='line_1_30' title="bbox 171 3248 315 3288; baseline 0.007 -2"><span class='ocrx_word' id='word_1_184' title='bbox 171 3248 209 3286; x_wconf 72' lang='lat'>29⁵</span> <span class='ocrx_word' id='word_1_185' title='bbox 222 3256 284 3286; x_wconf 75' lang='lat' dir='ltr'>suam</span> <span class='ocrx_word' id='word_1_186' title='bbox 294 3262 315 3288; x_wconf 75' lang='grc' dir='ltr'>οι.</span> 
     </span>
    </p>

    <p class='ocr_par' dir='ltr' id='par_1_15' title="bbox 170 3309 547 3351">
     <span class='ocr_line' id='line_1_31' title="bbox 170 3309 547 3351; baseline 0 -1"><span class='ocrx_word' id='word_1_187' title='bbox 170 3312 209 3350; x_wconf 79' lang='grc'>304</span> <span class='ocrx_word' id='word_1_188' title='bbox 221 3310 280 3348; x_wconf 85' lang='lat' dir='ltr'>viros</span> <span class='ocrx_word' id='word_1_189' title='bbox 289 3310 313 3350; x_wconf 93' lang='lat' dir='ltr'>P.</span> <span class='ocrx_word' id='word_1_190' title='bbox 329 3310 382 3349; x_wconf 83' lang='lat' dir='ltr'>viris</span> <span class='ocrx_word' id='word_1_191' title='bbox 392 3324 411 3349; x_wconf 74' lang='lat' dir='ltr'>e.</span> <span class='ocrx_word' id='word_1_192' title='bbox 427 3310 474 3349; x_wconf 85' lang='lat' dir='ltr'>viro</span> <span class='ocrx_word' id='word_1_193' title='bbox 483 3309 547 3351; x_wconf 73' lang='lat' dir='ltr'>Jahn.</span> 
     </span>
    </p>

    <p class='ocr_par' dir='ltr' id='par_1_16' title="bbox 170 3372 533 3422">
     <span class='ocr_line' id='line_1_32' title="bbox 170 3372 533 3422; baseline 0.006 -11"><span class='ocrx_word' id='word_1_194' title='bbox 170 3374 206 3411; x_wconf 84' lang='grc'>311</span> <span class='ocrx_word' id='word_1_195' title='bbox 221 3372 339 3421; x_wconf 84' lang='lat' dir='ltr'>expectent</span> <span class='ocrx_word' id='word_1_196' title='bbox 347 3373 372 3412; x_wconf 86' lang='lat' dir='ltr'>P.</span> <span class='ocrx_word' id='word_1_197' title='bbox 387 3372 504 3422; x_wconf 83' lang='lat' dir='ltr'>expectant</span> <span class='ocrx_word' id='word_1_198' title='bbox 513 3389 533 3413; x_wconf 80' lang='grc' dir='ltr'>ω.</span> 
     </span>
    </p>

    <p class='ocr_par' dir='ltr' id='par_1_17' title="bbox 132 3435 1036 3539">
     <span class='ocr_line' id='line_1_33' title="bbox 170 3435 1036 3486; baseline 0.001 -13"><span class='ocrx_word' id='word_1_199' title='bbox 170 3437 207 3474; x_wconf 80' lang='grc'>313</span> <span class='ocrx_word' id='word_1_200' title='bbox 221 3435 294 3474; x_wconf 85' lang='lat' dir='ltr'>mariti</span> <span class='ocrx_word' id='word_1_201' title='bbox 307 3435 358 3474; x_wconf 85' lang='lat' dir='ltr'>irati</span> <span class='ocrx_word' id='word_1_202' title='bbox 372 3436 438 3475; x_wconf 87' lang='lat' dir='ltr'>debet</span> <span class='ocrx_word' id='word_1_203' title='bbox 451 3437 474 3475; x_wconf 89' lang='lat' dir='ltr'>P.</span> <span class='ocrx_word' id='word_1_204' title='bbox 490 3436 562 3475; x_wconf 87' lang='lat' dir='ltr'>mariti</span> <span class='ocrx_word' id='word_1_205' title='bbox 580 3437 664 3486; x_wconf 80' lang='lat' dir='ltr'>exigere</span> <span class='ocrx_word' id='word_1_206' title='bbox 681 3436 732 3477; x_wconf 89' lang='lat' dir='ltr'>irati</span> <span class='ocrx_word' id='word_1_207' title='bbox 748 3436 830 3477; x_wconf 86' lang='lat' dir='ltr'>debent</span> <span class='ocrx_word' id='word_1_208' title='bbox 845 3452 865 3476; x_wconf 72' lang='lat' dir='ltr'>aa</span> <span class='ocrx_word' id='word_1_209' title='bbox 876 3435 961 3476; x_wconf 84' lang='lat' dir='ltr'>maritis</span> <span class='ocrx_word' id='word_1_210' title='bbox 974 3435 1036 3475; x_wconf 80' lang='lat' dir='ltr'>iratis</span> 
     </span>
     <span class='ocr_line' id='line_1_34' title="bbox 132 3498 272 3539; baseline 0.014 -2"><span class='ocrx_word' id='word_1_211' title='bbox 132 3498 198 3538; x_wconf 85' lang='lat' dir='ltr'>debet</span> <span class='ocrx_word' id='word_1_212' title='bbox 206 3498 272 3539; x_wconf 75' lang='lat' dir='ltr'>Jahn.</span> 
     </span>
    </p>
   </div>
   <div class='ocr_carea' id='block_1_6' title="bbox 0 0 1246 3950">
    <p class='ocr_par' dir='ltr' id='par_1_18' title="bbox 0 0 1246 3950">
     <span class='ocr_line' id='line_1_35' title="bbox 0 0 1246 3950; baseline 0 1"><span class='ocrx_word' id='word_1_213' title='bbox 0 0 1246 3950; x_wconf 95' lang='lat' dir='ltr'> </span> 
     </span>
    </p>
   </div>
  </div>
 </body>
</html>
