2484 3950
201 214 232 261 10
474 211 505 260 Ι).
526 205 829 262 IUNII'IUVENALIS

200 361 310 413 aestuat
324 356 438 414 occultis
453 357 562 413 animus
576 374 737 429 semperque
752 355 895 413 tacendisl
1076 383 1101 419 50

200 453 250 509 Nil
266 453 318 510 tibi
332 473 361 511 se
374 455 473 512 debere
486 459 577 528 putat,
593 454 634 511 nil
647 455 769 512 conferet
783 472 913 526 unquam,

200 552 361 624 participem
375 553 423 625 qui
438 558 466 609 te
479 554 578 610 secreti
591 553 658 609 fecit
672 552 797 610 honesti:

200 666 278 704 carus
292 650 345 705 erit
359 648 447 720 Verri,
464 650 513 721 qui
526 649 643 707 Verrem
659 655 789 722 tempore,
805 668 860 721 quo
873 650 944 719 vult,

199 764 324 803 aremare
339 751 437 818 potest.
484 747 568 803 Tanti
583 747 636 803 tibi
650 748 758 803 nonsit
772 747 850 818 opaci

199 843 288 899 omnis
301 861 385 900 arena
398 843 468 916 Tagi
481 843 609 917 quodque
623 844 653 900 in
667 861 742 900 mare
756 843 880 901 volvitur
893 862 1001 913 aurum,
1075 871 1099 908 55

199 945 231 996 ut
245 958 340 996 somno
354 958 446 998 careas
459 941 640 1013 ponendaque
654 941 777 1012 praemia
790 958 883 997 sumas

199 1036 288 1093 tristis
302 1043 331 1094 et
345 1056 362 1093 a
374 1056 475 1109 magno
489 1056 597 1110 semper
611 1039 736 1095 timearis
750 1039 845 1098 amico.

198 1269 357 1317 talos-I
373 1274 461 1317 coeuot
484 1270 576 1319 caduce
598 1285 615 1317 a
637 1270 714 1318 Greek
732 1270 825 1328 Rotam
847 1270 901 1318 aad
922 1285 977 1317 recw
999 1284 1034 1316 wc
1055 1284 1099 1316 cre

261 1345 359 1393 tertiat
375 1348 457 1409 cretos
473 1347 614 1408 eocrpttiup
631 1347 662 1408 by
680 1348 775 1406 Greeks,
797 1348 851 1395 selec
870 1362 915 1394 arc
930 1362 956 1395 so
973 1345 1094 1403 versatile,

256 1423 394 1485 fictteriop,
409 1423 461 1471 aad
474 1423 643 1485 hypocriticcl,
658 1425 711 1473 tuac
722 1440 765 1484 we,
779 1424 833 1473 wlco
845 1424 921 1474 claim
932 1428 956 1472 to
971 1424 997 1472 te
1008 1423 1097 1480 maere,

261 1499 323 1548 tace
333 1515 365 1548 uo
376 1500 464 1550 chaace
475 1502 575 1563 accinat
587 1502 658 1549 them.
730 1496 732 1503 ’

239 1620 315 1690 Quae
330 1639 403 1677 nunc
416 1620 551 1678 divitibus
565 1639 633 1694 gens
647 1622 838 1695 acceptissima
851 1623 953 1679 nostris

198 1723 227 1776 et
240 1737 309 1791 quos
323 1720 469 1792 praecipue
484 1720 598 1792 fugiam,
614 1721 766 1793 properabo
779 1720 869 1794 fateri,

197 1832 246 1872 nec
260 1817 348 1890 pudor
362 1816 494 1873 obstabit.
538 1817 604 1874 Non
618 1835 731 1890 possum
745 1818 824 1888 ferre,
842 1818 973 1888 Quirites,
1072 1835 1097 1874 co

197 1914 330 1973 Graecam
345 1913 458 1973 urbem:
481 1915 609 1989 quamvis
624 1920 710 1989 quota
722 1917 813 1989 portio
826 1916 909 1973 faecis
924 1915 1047 1973 Achaeil

197 2011 378 2085 Iampridem
393 2013 479 2084 Syrus
493 2014 523 2070 in
538 2013 660 2070 Tiberim
674 2014 792 2071 defluxit
807 2013 932 2072 Orontes.

196 2109 329 2166 Rusticus
343 2110 389 2167 ille
404 2115 470 2167 tuus
484 2112 572 2168 sumit
587 2111 774 2184 trechedipna,
792 2111 914 2183 Quirine,
1072 2128 1097 2177 ⁶7

196 2211 225 2262 et
239 2207 401 2263 ceromatico
416 2207 472 2264 fert
487 2208 618 2265 niceteria
632 2208 709 2267 collo.

196 2303 252 2359 Hic
266 2303 324 2360 alta
339 2303 462 2377 Sicyone,
479 2311 523 2362 ast
537 2305 583 2362 hic
596 2305 743 2378 Amydone
756 2307 861 2377 relicta,

195 2401 240 2458 hic
254 2402 357 2474 Andro,
373 2401 420 2459 ille
436 2402 528 2470 Samo,
544 2403 589 2461 hic
604 2405 744 2462 Trallibus
758 2411 808 2462 aut
821 2404 983 2475 Alabandis,
1072 2433 1098 2470 70

196 2498 335 2570 Esquilias
349 2499 509 2572 dictumque
523 2506 623 2573 petunt
636 2520 654 2558 a
667 2501 770 2559 vimine
784 2501 889 2571 collem,
982 2509 985 2513 '

194 2598 299 2654 viscera
311 2616 474 2670 magnarum
488 2599 620 2656 domuum
636 2600 794 2673 dominique
808 2601 905 2658 futuri.

195 2693 340 2766 Ingenium
355 2695 442 2766 velox,
459 2696 574 2753 audacia
588 2697 706 2769 perdita,
722 2715 812 2754 sermo

126 2783 128 2788 ’
194 2775 337 2865 promptus
352 2797 381 2850 et
395 2792 474 2850 Isaeo
488 2794 644 2851 torrentior.
689 2794 756 2866 Ede,
772 2794 840 2867 quid
854 2794 932 2851 illum

194 2907 253 2945 esse
266 2890 367 2961 puteal
387 2909 469 2964 quem
484 2892 527 2948 vis
541 2891 681 2949 hominem
696 2910 789 2949 secum
804 2891 903 2949 attulit
917 2894 952 2950 ad
967 2911 1035 2949 nos:
1071 2920 1095 2958 7⁵

193 2988 398 3060 grammaticus,
415 2989 517 3060 rhetor,
533 2994 694 3062 geometres,
712 2990 808 3062 pictor,
825 2990 933 3063 aliptes,

193 3101 288 3155 augin,
305 3084 510 3157 schoenobates,
527 3087 659 3159 medicus,
675 3105 791 3158 magus:
813 3087 906 3143 omnia
919 3087 998 3144 novit

194 3178 345 3237 Graeculus
359 3182 499 3255 esuriens;
520 3183 549 3239 in
564 3182 678 3256 caelum,
695 3183 814 3256 iusseris,
830 3184 892 3241 ibit.

541 3314 564 3351 tl
579 3311 678 3351 Achaeae
688 3311 712 3351 P.
723 3310 750 3351 A.

423 3376 448 3417 78
461 3375 550 3416 11111111
559 3377 583 3416 P.
595 3392 614 3417 a.
630 3376 716 3417 miseris
725 3376 751 3416 A.
762 3387 822 3416 11111
829 3376 854 3416 P.
