2484 3950
212 230 242 278 16
483 229 513 279 D.
536 229 631 280 IUNII
651 230 842 280 IUVENALIS

211 410 381 459 amaon-1
389 410 473 459 would
490 411 575 459 adraso
591 425 641 472 you
658 416 681 458 to
699 411 774 473 bopo
787 411 850 459 little
867 411 940 459 bouso
952 412 1004 458 aad
1019 413 1111 473 porcien

274 488 303 535 io
314 503 377 536 aomo
388 493 491 549 country
507 492 587 537 town:
604 503 654 550 pou
665 489 739 537 could
754 493 792 550 pot
808 504 852 538 ooo
862 490 909 551 for
926 490 971 537 loss
987 490 1048 537 thora
1064 505 1110 551 pou

274 580 329 613 aooo
335 568 440 628 popfor
451 581 469 613 u
479 566 558 627 stapla
568 571 652 628 puroet
662 567 693 614 iu
703 567 786 615 Rome.

210 680 241 737 Si
254 685 333 752 potes
347 680 430 737 avelli
446 680 629 752 Circensibus,
646 681 754 753 optima
769 682 853 738 Sorae

209 783 258 834 aut
273 777 450 835 Fabrateriae
464 778 563 835 domus
577 783 627 835 aut
643 778 796 836 Frusinone
810 784 932 852 paratur,

209 875 308 946 quanti
321 893 395 930 nunc
410 875 538 932 tenebras
552 894 640 932 unum
655 876 785 933 conducis
799 877 828 932 in
843 878 954 934 an'num.
1073 906 1109 942 225

209 972 347 1029 Hortalus
362 973 407 1029 bic
421 978 576 1055 puteusque
589 974 684 1031 brevis
698 993 748 1031 nec
762 979 835 1032 reste
848 975 1001 1032 movendus

207 1070 237 1124 in
251 1074 348 1126 tenues
362 1071 472 1142 plantas
487 1069 563 1126 facili
576 1070 745 1128 diffunditur
758 1072 868 1128 haustu.

208 1166 280 1223 Vive
294 1166 416 1224 bidentis
431 1184 528 1224 amans
543 1172 572 1224 ct
587 1168 658 1225 culti
671 1169 770 1226 vilicus
785 1169 868 1240 horti,

207 1264 280 1321 unde
294 1264 405 1336 epulum
420 1265 509 1337 possis
520 1270 632 1322 centurn
646 1265 712 1323 dare
727 1266 918 1339 Pythagoreis.

207 1359 260 1416 Est
273 1360 386 1433 aliquid,
402 1379 573 1433 quocumque
587 1362 655 1434 loco,
668 1372 844 1436 'quocumque
858 1382 973 1435 recessu,
1072 1395 1108 1432 230

205 1458 287 1514 unius
301 1476 360 1515 sese
370 1458 514 1515 dominum
528 1459 624 1517 fecisse
638 1459 765 1518 lacertae.

206 1637 387 1685 amasa-[a
403 1638 479 1685 Romo
496 1637 560 1685 omre
572 1653 614 1686 ore
626 1653 651 1685 ao
663 1654 741 1700 occup
751 1640 830 1687 amuco
841 1644 868 1687 ot
884 1642 956 1702 eoquo
974 1642 1028 1689 root
1044 1643 1107 1703 clocp

269 1716 292 1763 o'e
303 1714 433 1776 well-pipi
443 1716 589 1777 impossible.

246 1829 386 1885 Plurimus
401 1828 445 1884 hic
459 1847 540 1901 aeger
553 1830 671 1886 moritur
684 1831 842 1902 vigilando:
864 1831 913 1888 sed
927 1831 1006 1887 illum

204 1927 364 2000 languorem
378 1927 485 2000 peperit
500 1927 577 1985 cibus
591 1928 769 2001 imperfectus
784 1934 813 1986 et
827 1929 942 1987 haerens

204 2021 313 2078 ardenti
327 2021 488 2089 stomach03
509 2040 574 2078 nam
589 2040 661 2094 quae
675 2023 818 2080 meritoria
831 2042 961 2080 somnum

203 2103 377 2175 admittuntl
418 2118 530 2191 Magnis
544 2119 643 2191 opibus
657 2120 795 2178 dormitur
808 2123 838 2178 in
851 2122 937 2180 urbe:
1068 2153 1104 2188 235

203 2215 267 2271 inde
281 2219 366 2287 caput
379 2215 487 2287 morbi;
508 2216 637 2273 redarum
652 2219 788 2275 transitus
802 2224 863 2275 arto

202 2313 326 2368 vicorum
340 2312 459 2369 inflexu
473 2318 502 2369 et
516 2314 618 2370 stantis
634 2316 757 2371 convicia
771 2317 902 2373 mandrae

202 2411 320 2482 eripient
334 2428 461 2466 somnum
477 2411 570 2468 Druso
584 2412 738 2486 vitulisque
751 2414 874 2472 marinis.

202 2572 425 2624 asama-Touo
436 2573 501 2621 thore
509 2588 552 2621 oro
563 2573 602 2621 roe
612 2576 739 2638 ucooifold
750 2576 855 2636 doopcra
865 2576 895 2637 of
902 2576 940 2622 tha
951 2581 1038 2626 streete.

202 2686 232 2743 si
246 2692 328 2743 vocat
342 2686 470 2756 officium,
487 2687 571 2743 turba
586 2687 700 2744 cedente
714 2688 831 2744 vehetur

200 2783 278 2840 dives
292 2789 321 2840 et
335 2783 441 2855 ingenti
456 2789 547 2840 curret
561 2771 643 2856 super
658 2803 705 2841 ora
719 2784 851 2856 Liburno,
1064 2818 1102 2852 240

200 2885 284 2951 atque
298 2880 388 2937 obiter
401 2880 475 2951 leget
489 2885 539 2937 aut
554 2881 656 2938 scribet
669 2881 715 2937 vel
729 2881 847 2939 dormiet
861 2883 938 2938 intus
951 2904 956 2946 ;

199 2976 400 3048 namquefacit
414 2995 542 3034 somnum
557 2978 650 3034 clausa
664 2978 762 3035 lectica
776 2979 905 3037 fenestra.

199 3072 274 3129 Ante
288 3078 383 3130 tamen
397 3075 508 3134 veniet:
528 3077 608 3133 nobis
618 3076 829 3148 properantibus
843 3077 937 3133 obstat

198 3170 274 3226 unda
287 3172 368 3243 prior,
386 3190 487 3245 magno
501 3173 618 3246 populus
632 3174 734 3246 premit
749 3173 858 3244 agmine
872 3172 982 3230 lumbos

198 3269 246 3339 qui
260 3270 404 3341 sequitur3
425 3270 491 3326 ferit
505 3271 550 3326 hic
564 3271 667 3341 cubito,
684 3270 749 3327 ferit
763 3289 853 3328 assere
869 3271 938 3328 duro
1061 3302 1099 3337 24⁵

438 3375 475 3413 240
489 3374 585 3413 Liburno
594 3375 617 3413 P.
631 3390 650 3412 ω.
663 3374 750 3414 liburna
758 3375 779 3416 S.
