2484 3950
502 391 638 442 sarum
656 391 699 443 111
812 460 817 467 ι
1019 395 1050 442 15

151 538 311 611 Ucalegon3
332 538 461 595 tabulata
474 538 527 595 tibi
541 539 598 594 iem
612 538 698 594 tertia
711 538 840 611 fumant3

149 641 182 692 tu
196 636 303 695 nescis:
324 653 389 692 narn
403 635 429 692 si
442 635 575 707 gradibus
588 634 746 706 trepidatur
759 635 795 691 ab
808 635 880 701 imis,
1014 664 1051 690 ιω

149 734 267 790 ultimus
280 733 398 804 ardebit,
414 751 497 805 quem
512 731 608 804 tegula
622 732 682 789 sola
695 737 792 788 tuetur

149 850 166 887 a
180 830 283 903 pluvia,
299 830 396 887 molles
410 830 460 886 ubi
473 829 595 885 reddunt
610 847 664 885 ora
677 828 827 887 columbae.

149 927 252 985 Ieotus
266 933 326 984 erat
341 927 432 984 Codro
447 926 565 984 Procula
578 926 676 998 minor,
692 926 793 983 uroeoli
807 944 863 996 sex,

149 1030 343 1082 ornamentum
357 1025 454 1095 abaoi3
475 1042 525 1081 neo
539 1042 595 1081 non
609 1028 639 1080 et
652 1023 785 1096 parvulus
798 1024 872 1080 infra

149 1122 307 1194 cantharus,
323 1127 352 1179 et
366 1122 499 1191 recubans
513 1121 567 1177 sub
581 1121 677 1178 eodem
692 1138 827 1177 marmore
841 1121 944 1178 Chiron
960 1144 965 1187 ;
1014 1150 1050 1186 205

148 1220 259 1291 iamque
272 1225 354 1276 vetus
370 1218 490 1276 Graecos
503 1220 635 1277 servabat
649 1220 720 1275 cista
733 1218 850 1286 libellos,

148 1321 178 1373 et
186 1317 288 1373 divina
301 1318 373 1390 opici
386 1316 523 1374 rodebant
537 1317 661 1374 earmina
673 1334 772 1373 mures.

148 1413 201 1470 Nil
214 1413 313 1470 habuit
328 1413 453 1471 Codrus:
475 1415 538 1486 quis
552 1414 626 1470 enim
641 1414 744 1486 negati
764 1419 793 1470 ot
807 1418 901 1470 tamen
915 1414 985 1471 illud

149 1510 270 1584 perdidit
284 1511 383 1568 infelix
397 1515 489 1568 totum
504 1510 592 1567 nihil:
612 1510 730 1567 ultimus
744 1516 837 1566 autem

148 1625 295 1664 aerumnae
306 1612 349 1664 est
360 1608 496 1679 cumulus,
507 1608 580 1680 quod
592 1607 698 1664 nudum
712 1613 741 1664 et
751 1607 842 1664 frusta
855 1612 997 1679 rogantem
1012 1637 1049 1664 ,ιο

148 1722 228 1761 nemo
243 1705 312 1776 cibo,
328 1723 410 1761 nemo
424 1704 545 1777 hospitio
559 1710 690 1777 tectoque
704 1705 822 1761 iuvabit.

148 1957 261 2005 212·222.
267 1957 330 2020 -If
342 1973 360 2005 a
371 1954 425 2005 riola
441 1956 523 2006 ama’a
538 1955 646 2005 lomois
663 1956 745 2016 turam,
759 1970 830 2018 every
841 1970 884 2005 orae
901 1959 923 2005 ia
938 1970 1009 2018 cuper
1025 1961 1048 2006 to

212 2035 346 2083 contributa
357 2034 495 2096 soutathiap
506 2038 530 2082 to
540 2034 612 2083 make
623 2049 659 2095 up
669 2033 711 2081 liis
722 2036 798 2082 lassas.

147 2175 179 2231 Si
192 2194 293 2247 magna
306 2176 431 2233 Asturici
445 2176 544 2231 cecidit
558 2175 667 2244 domus,
681 2175 794 2231 horrida
807 2180 904 2245 mater,

146 2271 248 2344 pullati
262 2290 394 2344 proceres,
411 2271 504 2328 differt
518 2272 678 2330 vadimonia
692 2279 819 2345 praetor3

146 2374 215 2425 tuno
228 2370 364 2440 gemimus
379 2387 458 2425 casus
472 2368 558 2441 urbis,
575 2374 644 2425 tuno
657 2369 767 2425 odimus
780 2370 881 2440 ignem.

146 2465 236 2523 Ardet
250 2465 348 2536 adhuc,
365 2471 394 2522 et
408 2466 464 2521 iam
479 2467 597 2522 accurrit
611 2467 660 2538 qui
674 2484 810 2522 marmora
824 2466 916 2537 donet,
1011 2494 1047 2531 ης

146 2559 271 2616 conferat
285 2560 423 2631 impensas
435 2581 441 2616 :
463 2558 507 2614 hie
521 2559 597 2615 nuda
610 2564 640 2615 et
654 2559 772 2615 candida
785 2561 871 2631 signa,

146 2656 191 2713 hio
206 2657 311 2729 aliquid
326 2657 497 2730 praeclarum
512 2657 702 2730 Euphranoris
716 2662 745 2712 et
760 2656 896 2727 Polycliti,

145 2753 383 2826 phaecasiatomm
397 2759 494 2810 vetera
508 2758 671 2809 ornamenta
685 2753 807 2824 deorum,

146 2851 191 2907 hio
205 2850 291 2907 libros
306 2850 384 2907 dabit
399 2856 428 2907 et
442 2850 544 2907 forulos
559 2850 733 2923 mediamque
748 2851 913 2923 Minervam,

144 2948 191 3004 hio
205 2947 329 3004 modium
343 2949 469 3019 argenti:
491 2948 605 3004 meliora
618 2954 648 3004 et
661 2949 741 3021 plura
755 2950 862 3021 reponit

145 3044 281 3114 Persicus,
297 3044 426 3100 orborum
440 3044 612 3101 lautissimus
627 3051 656 3102 et
670 3047 770 3101 merito
783 3048 840 3102 iam

144 3146 297 3214 suspectus,
314 3146 457 3213 tamquam
472 3143 530 3214 ipse
546 3159 609 3197 suas
624 3142 777 3199 incenderit
791 3144 881 3203 aedes.

264 3272 301 3311 210
315 3271 398 3310 frustra
407 3272 430 3310 P.
590 3274 627 3311 214
640 3273 746 3322 gemimus
756 3274 778 3314 F.
787 3274 885 3324 geminus
903 3275 928 3316 P.

454 3337 491 3375 218
504 3335 558 3374 haee
567 3336 698 3375 Asianorum
707 3338 732 3376 P.
