2484 3950
190 305 222 353 66
459 303 488 351 D.
511 302 604 352 IUNII
624 302 813 353 IUVENALIS

191 447 287 521 Longa
300 449 359 506 dies
373 449 459 521 igitur
473 447 541 519 quid
555 447 692 505 conttht
712 448 804 504 omnia
818 448 891 505 vidit
1054 465 1090 512 265

189 562 286 602 eversa
299 551 328 602 et
342 545 462 601 flammis
475 545 572 601 Asiam
587 545 713 621 ferroque
727 544 879 602 cadentem.

190 641 268 698 Tunc
283 641 362 699 miles
377 641 512 699 tremulus
526 642 617 713 posita
631 642 699 698 tulit
713 660 790 698 arma
804 642 875 698 tiara

189 744 219 795 et
233 740 289 796 ruit
303 745 369 797 ante
383 757 459 796 aram
473 741 575 795 summi
590 739 674 811 Iovis,
691 744 724 796 ut
738 739 850 796 vetulus
863 740 921 810 hos,

189 837 238 908 qui
253 837 357 893 domini
371 837 467 893 cultris
482 842 565 893 tenue
580 841 608 893 et
623 836 778 894 miserabile
793 836 893 893 collum
959 831 961 836 ’

189 932 311 1006 praebet,
328 934 364 990 ab
378 935 487 1006 ingrato
501 935 557 990 iam
571 933 715 990 fastiditus
729 938 829 991 aratro
1053 964 1091 1000 270
1151 993 1152 996 Ἴ

191 1030 291 1086 Exitus
305 1030 352 1087 ille
366 1035 517 1103 utcumque
531 1030 668 1088 hominis:
690 1031 738 1087 sed
753 1035 834 1087 torva
848 1033 945 1089 canino

189 1126 305 1183 latravit
319 1128 399 1199 rictu,
416 1145 486 1200 quac
500 1132 564 1200 post
578 1128 653 1184 hunc
667 1129 782 1199 vixerat,
798 1147 876 1185 uxor.

189 1281 407 1334 atthas-Loco
418 1288 445 1331 ot
453 1283 613 1331 Mithridates
622 1285 675 1331 arrd
688 1284 803 1342 Croesum
818 1283 871 1332 loolo
882 1289 909 1332 ot
919 1285 1026 1344 Marius,
1036 1285 1090 1333 coho

254 1361 320 1409 liocd
330 1366 354 1410 to
363 1361 403 1422 top
413 1361 453 1409 his
462 1361 536 1409 troad
547 1366 574 1409 ot
584 1361 724 1423 Corthopc;
742 1361 796 1409 loclc
807 1366 833 1410 ot
845 1363 976 1424 Porapetus
987 1364 1040 1411 aad
1050 1363 1090 1410 his

246 1440 309 1501 saa

190 1543 302 1599 Festino
317 1542 482 1614 adnostros,
499 1548 528 1599 et
542 1562 634 1615 regem
649 1549 759 1605 transeo
773 1544 865 1614 Ponti,

189 1645 218 1696 et
233 1640 372 1711 Croesum,
390 1659 472 1713 quem
486 1659 541 1697 vox
555 1641 624 1697 iusti
637 1641 757 1697 facunda
771 1640 880 1698 Solonis

189 1738 321 1808 respicere
335 1736 372 1793 ad
386 1736 483 1809 longas
497 1738 580 1793 iussit
594 1737 685 1810 spatia
699 1737 800 1793 ultima
813 1738 897 1794 vitae.
1053 1765 1087 1803 27⁵

101 1816 104 1822 Δ
189 1833 312 1890 Exilium
326 1840 355 1890 et
369 1852 466 1904 carcer,
483 1835 745 1907 Minturnarumque
759 1834 881 1906 paludes,

188 1938 217 1988 et
232 1931 405 1989 mendicatus
418 1933 494 1989 victa
509 1931 678 2006 Carthagine
693 1933 772 2007 panis

188 2030 253 2086 hinc
266 2048 361 2086 causas
376 2030 504 2087 habuere.
549 2029 623 2099 Quid
637 2029 685 2086 illo
699 2031 758 2086 cive
772 2031 884 2088 tulisset

188 2133 288 2184 natura
301 2128 330 2183 in
345 2128 433 2198 terris,
449 2127 517 2200 quid
532 2126 621 2183 Roma
635 2127 743 2184 beatius
757 2146 897 2201 umquam,

188 2228 219 2297 si,
237 2226 424 2282 circumducto
438 2227 610 2298 captivorum
626 2227 735 2298 agmine
750 2231 778 2283 et
792 2228 867 2282 omni
1052 2246 1089 2283 280

188 2323 322 2380 bellorum
337 2341 445 2396 pompa,
462 2324 582 2379 animam
597 2323 754 2380 exhalasset
769 2325 899 2396 opimam,

156 2418 158 2422 ’
188 2440 251 2478 cum
265 2421 299 2477 de
314 2421 465 2478 Teutonico
479 2421 564 2477 vellet
579 2421 742 2478 descendere
756 2422 857 2479 currul

187 2520 303 2593 provida
317 2518 448 2593 Pompeio
463 2518 577 2576 dederat
593 2518 746 2590 Campania
759 2519 849 2574 febres

187 2618 339 2691 optandas:
361 2617 410 2674 sed
423 2615 528 2672 multae
542 2617 625 2672 urbes
640 2622 669 2673 et
683 2616 794 2688 publica
808 2621 875 2673 vota

186 2719 321 2774 vicerunt.
365 2716 457 2787 Igitur
471 2714 596 2771 Fortuna
609 2715 695 2786 ipsius
710 2720 738 2772 et
752 2715 830 2770 urhis
1051 2733 1087 2781 285

186 2819 327 2871 servatum
341 2815 417 2870 victo
432 2817 515 2885 caput
529 2812 654 2870 abstrdit.
699 2813 761 2869 Hoc
775 2813 899 2869 cruciatu

187 2911 330 2983 Lentulus,
346 2910 398 2967 hac
412 2927 500 2983 poena
514 2911 611 2982 caruit,
629 2909 782 2982 ceciditque
797 2910 938 2982 Cethegus

185 3012 299 3082 integer,
317 3015 345 3067 et
359 3009 445 3065 iacuit
460 3006 582 3064 Catilina
596 3006 727 3062 cadavere
741 3013 809 3065 totu.

186 3165 450 3222 289·317.-Mothors‚
460 3166 545 3226 agata,
551 3165 669 3225 propfer
677 3165 813 3226 hcoutysor
823 3165 887 3213 tlwtr
896 3164 1009 3213 children
1012 3182 1023 3223 ;
1036 3179 1089 3213 coos

249 3245 271 3292 it
288 3259 305 3290 o
322 3244 380 3291 hooc
397 3247 420 3290 tc
436 3242 554 3289 Isocratis
571 3257 598 3288 or
620 3242 760 3302 Verginio?
796 3242 893 3304 Boouty
909 3243 962 3289 aad
981 3242 1087 3303 enodasty

250 3322 336 3383 surely
351 3335 380 3382 qo
397 3319 500 3381 together
508 3339 515 3368 .·
535 3334 600 3380 your
616 3318 750 3367 hoadsoorc
766 3335 810 3367 roo
826 3319 873 3366 hos
888 3334 966 3381 morey
983 3320 1088 3380 doceare

250 3402 279 3447 io
291 3399 331 3447 his
338 3398 408 3460 poth.

227 3505 356 3560 Formam
370 3505 450 3573 optat
464 3502 571 3556 modico
584 3502 683 3573 pneris,
701 3503 802 3558 maiore
817 3501 916 3575 puellis
