2484 3950
201 284 232 330 82
470 280 500 328 D.
523 278 617 329 IUNII
637 277 828 329 IUVENALIS

196 431 304 498 partem
319 425 441 497 aliquam
456 425 531 496 belli,
545 430 574 482 et
588 430 700 483 euntem
714 426 743 481 in
757 424 862 497 proelia
875 423 982 481 turrim.
1064 449 1100 478 ιω

198 524 285 580 Nulla
298 525 384 596 igitur
398 543 474 580 mora
489 542 537 597 per
551 524 683 596 Novium,
700 542 777 580 mora
790 522 868 579 nulla
881 541 930 595 per
945 521 1075 579 Histrum

198 621 360 694 Pacuvium,
377 623 444 694 quin
458 621 530 678 illud
543 621 612 678 ebur
626 621 745 678 ducatur
759 620 795 678 ad
808 639 877 690 aras,

198 723 227 775 et
241 718 323 774 cadat
338 724 404 776 ante
418 720 503 777 Lares
518 717 654 776 Gallittae
668 719 791 787 victima,
807 717 866 774 sola

198 816 286 872 tantis
301 815 386 888 digna
399 817 459 874 deis
473 824 502 876 et
516 815 706 889 captatoribus
721 815 826 874 horum.

200 1047 384 1096 115-130.-0r
394 1046 497 1096 another
507 1046 592 1095 would
603 1061 661 1095 caen
672 1047 731 1108 offer
741 1061 758 1094 a
769 1046 835 1095 clave
844 1061 872 1095 or
882 1061 899 1094 a
907 1046 982 1096 child.
1027 1047 1096 1106 Weta

266 1125 323 1188 long
333 1141 393 1188 anag
404 1126 433 1173 be
444 1125 515 1187 erp'oy
525 1125 566 1173 bic
576 1124 683 1185 reward,
697 1125 750 1173 aad
759 1124 800 1173 nu
811 1125 907 1174 loveleaa
918 1126 969 1189 lise.
992 1155 993 1158 =

199 1267 280 1325 Alter
294 1269 375 1341 enim,
391 1269 416 1325 si
429 1267 562 1326 concedas
576 1273 705 1341 mactare,
722 1268 835 1325 vovebit
1065 1296 1100 1334 ης

201 1364 234 1421 [ie
248 1383 329 1438 grege
343 1384 484 1423 servorum
498 1384 599 1437 magna
613 1370 643 1423 et
656 1365 841 1438 pulcherrima
854 1384 979 1439 quaeque

202 1481 314 1536 corpora
325 1486 334 1538 3
355 1464 399 1521 vel
413 1465 506 1537 pueris
520 1469 549 1521 et
563 1464 703 1521 frontibus
717 1464 879 1521 ancillarum

200 1562 324 1634 imponet
337 1562 433 1634 vittas,
450 1568 486 1634 et,
503 1562 527 1618 si
541 1581 596 1635 qua
610 1567 653 1619 est
667 1563 770 1619 nubilis
783 1563 825 1619 illi
947 1550 948 1553 ¹

201 1658 346 1732 Iphigenia
360 1659 443 1730 domi,
459 1659 538 1716 dabit
552 1659 624 1716 hanc
637 1660 779 1733 altaribus,
796 1661 850 1718 etsi

201 1775 256 1812 non
270 1760 363 1830 sperat
378 1758 497 1830 tragicae
512 1758 617 1814 furtiva
630 1757 740 1831 piacula
754 1776 857 1816 cervae.

203 1853 299 1910 Laudo
313 1872 406 1910 meum
420 1855 517 1926 civem,
533 1873 582 1910 nec
596 1873 723 1928 comparo
737 1860 905 1912 testamento

202 1951 278 2009 mille
292 1958 382 2011 rates:
404 1970 468 2010 nam
483 1952 507 2010 si
522 1952 676 2010 Libitinam
690 1954 809 2011 eraserit
823 1973 910 2027 aeger,

201 2050 305 2107 delebit
319 2050 438 2124 tabulas,
454 2051 577 2108 inclusus
591 2070 697 2109 carcere
711 2070 814 2123 nassae,

201 2153 264 2221 post
278 2149 408 2204 meritum
422 2167 488 2206 sane
502 2149 667 2221 mirandum,
685 2154 769 2221 atque
784 2149 876 2205 omnia
890 2149 941 2205 soli

201 2243 294 2298 forsan
309 2241 429 2299 Pacuvio
443 2244 565 2300 breviter
578 2242 665 2301 dabit.
710 2243 762 2299 Ille
776 2243 909 2315 superbus
1066 2272 1103 2311 ης

201 2341 310 2398 incedet
324 2341 406 2398 victis
420 2342 562 2400 rivalibus.
606 2342 680 2416 Ergo
693 2343 778 2415 vides,
796 2361 879 2414 quam

201 2438 304 2511 grande
319 2455 415 2510 operae
429 2439 549 2510 pretium
563 2438 648 2495 faciat
663 2439 789 2511 iugulata
803 2439 934 2512 Mycenis.

243 2533 330 2591 Vivat
344 2535 490 2608 Pacuvius,
507 2555 616 2609 quaeso,
633 2536 678 2592 vel
693 2536 814 2592 Nestora
828 2542 939 2604 totum;

197 2632 349 2706 possideat,
365 2638 501 2705 quantum
515 2633 608 2704 rapuit
624 2632 717 2705 Ner03
738 2632 879 2689 montibus
894 2652 992 2690 aurum

203 2736 356 2805 exaequet;
376 2747 427 2789 nec
440 2737 515 2789 amet
530 2750 705 2805 quemquam,
722 2749 772 2787 nec
786 2735 895 2787 ametur
908 2731 944 2788 ab
957 2731 1021 2789 ullo.
1065 2762 1104 2800 130

492 2878 529 2917 128
543 2876 617 2916 totum
627 2877 651 2916 P.
663 2891 682 2916 ω.
694 2877 782 2917 tantum
791 2878 814 2916 F.
