2484 3950
480 370 615 422 SATURA
636 370 677 422 111

129 517 167 573 Et
182 520 339 574 nostrornm
353 535 423 588 aras,
440 521 614 574 contemnere
628 517 747 575 fulmina
760 535 863 590 pauper
993 544 1028 581 14⁵

129 614 252 671 creditur
265 619 350 687 atque
364 615 437 685 deos,
454 614 497 670 dis
511 614 718 687 ignoscentibus
731 615 806 687 ipsis.

129 710 202 780 Quid
217 711 290 783 quod
304 711 451 768 materiam
464 711 578 784 praebet
593 729 743 785 causasque
757 713 876 768 iocorum

126 809 254 866 omnibus
268 809 313 865 hie
327 808 409 879 idem,
425 809 449 864 si
463 808 544 865 foeda
558 813 587 865 et
601 809 686 865 scissa
699 807 815 879 lacerna,

125 905 149 961 si
163 910 229 978 toga
243 905 385 962 sordidula
399 910 443 961 est
457 910 486 962 et
500 910 584 978 rupta
598 905 705 962 calceus
719 905 790 963 alter

125 1001 196 1074 pelle
210 1007 307 1074 patet:
328 1001 419 1074 nelei,
436 1007 552 1059 consuto
567 1002 687 1073 vulnere,
704 1021 825 1060 crassum
993 1033 1030 1069 150

126 1105 210 1172 atque
224 1117 317 1156 reeens
331 1099 420 1155 linum
434 1099 557 1156 ostendit
571 1118 626 1156 non
641 1118 697 1156 una
711 1101 844 1157 cicatrixl

126 1196 178 1253 Nil
191 1196 277 1253 habet
290 1196 388 1252 infelix
401 1201 550 1269 paupertas
564 1197 660 1253 durim
674 1197 703 1253 in
716 1216 754 1269 se,

126 1313 210 1367 quam
224 1294 298 1366 quod
312 1294 443 1350 ridiculos
457 1293 583 1351 homines
597 1294 672 1352 facit
718 1295 842 1367 ‘Exeat’
857 1297 957 1369 inquit,

129 1391 169 1447 ‘si
183 1390 271 1463 pudor
285 1395 335 1462 est,
353 1398 382 1448 et
396 1391 430 1447 de
444 1391 559 1464 pulvino
572 1397 670 1463 surgat
684 1393 813 1464 equestri,

128 1489 205 1545 euius
219 1506 262 1545 res
276 1487 332 1560 legi
346 1505 402 1544 non
416 1488 526 1559 sufficit,
542 1492 571 1544 et
585 1488 700 1545 sedeant
713 1488 758 1545 hio

126 1585 258 1642 lenonum
271 1585 350 1658 pueri
364 1602 537 1657 quocumque
552 1603 567 1642 e
580 1585 685 1642 fornice
698 1586 765 1656 nati,

127 1682 172 1739 hic
185 1682 302 1755 plaudat
316 1683 400 1739 nitidi
414 1683 555 1756 praeconis
569 1681 644 1740 filius
658 1684 731 1740 inter

125 1782 265 1854 pinnirapi
279 1782 369 1838 cultos
383 1781 497 1838 iuvenes
511 1781 679 1855 iuvenesque
692 1780 828 1839 lanistae.'

126 1878 172 1934 Sic
186 1879 299 1935 libitum
312 1896 393 1949 vanc,
409 1879 457 1950 qui
472 1896 521 1934 nos
535 1878 674 1948 distinxit,
691 1878 803 1936 Othoni.

126 1976 194 2045 Quis
208 1994 292 2049 gener
305 1976 350 2033 hie
364 1975 470 2049 placuit
484 1994 567 2032 censu
581 1976 671 2032 minor
685 1981 769 2049 atque
782 1977 890 2049 puellae
992 1996 1028 2034 ιω

24 2061 26 2068 ’
126 2072 270 2129 sarcinulis
285 2073 394 2144 impari
414 2072 476 2144 quis
490 2089 594 2145 pauper
608 2072 738 2129 scribitur
752 2072 850 2131 hereat

126 2168 237 2242 quando
251 2169 280 2224 in
294 2168 408 2225 consilio
423 2173 466 2225 est
480 2168 635 2225 aedilibusl
675 2169 794 2241 Agmine
807 2169 882 2226 facto

125 2266 280 2323 debuerant
293 2265 359 2322 olim
374 2270 472 2323 tenues
486 2266 619 2337 migrasse
634 2264 763 2335 Quirites.

125 2513 312 2562 melsa-At
323 2514 406 2572 Rome,
421 2517 465 2572 too,
477 2512 617 2573 ecerytltiap
628 2514 651 2560 is
662 2515 793 2573 expectatae.
830 2514 862 2562 Ia
874 2516 912 2563 the
924 2520 1027 2578 cosentry

189 2590 254 2638 lbere
265 2591 288 2637 is
298 2590 352 2638 still
363 2591 500 2650 sinplicitp
511 2591 541 2637 ia
553 2590 629 2646 'draca
646 2589 687 2636 tut
698 2589 755 2636 ltere
765 2591 804 2637 all
815 2593 838 2638 is
851 2597 1026 2652 atroaeponce

188 2669 241 2715 aad
252 2668 335 2729 platter
344 2685 354 2725 ;
371 2667 410 2715 ese
421 2670 565 2715 commoneat
575 2667 674 2728 civilitp
685 2672 750 2714 anast
762 2668 788 2714 be
794 2670 916 2731 pcidsor.

125 2810 210 2867 Haud
225 2810 305 2866 facile
319 2813 470 2881 emergunt,
487 2826 604 2880 quorum
618 2808 770 2865 virtutibus
784 2808 878 2865 obstat

123 2925 167 2963 res
181 2911 301 2978 angusta
314 2905 407 2962 domi:
429 2905 477 2961 sed
491 2904 597 2961 Romae
610 2905 705 2962 druior
718 2906 774 2961 illis
991 2926 1025 2973 1⁶5

124 3008 257 3076 conatus,
278 3020 379 3074 magno
393 3001 546 3073 hospitium
560 3002 724 3072 miserabile,
740 3020 840 3073 magno

123 3118 266 3157 servorum
279 3104 390 3155 ventres
405 3104 434 3155 et
448 3099 521 3171 frugi
535 3099 633 3155 cenula
647 3117 754 3171 magno.

124 3196 272 3253 Fictilibus
286 3213 383 3252 cenare
397 3195 491 3267 pudet,
508 3195 582 3267 quod
597 3200 678 3268 turpe
693 3196 805 3268 negabis

123 3294 277 3351 translatus
291 3294 385 3349 subito
400 3293 434 3349 ad
450 3293 558 3349 Marsos
573 3311 751 3364 mensamque
767 3293 915 3363 Sabellam,

123 3395 327 3462 contentusque
341 3389 398 3446 illic
411 3396 513 3447 veneto
527 3390 650 3463 duroque
665 3390 779 3450 cucullo.
989 3420 1026 3456 170

224 3525 262 3563 156
276 3522 298 3561 in
308 3522 389 3562 fornice
396 3533 417 3572 p.
429 3538 448 3563 ω.
607 3524 644 3561 168
658 3523 745 3563 necabis
756 3524 778 3563 P.
795 3525 883 3573 negavit
892 3540 913 3563 ω.
