2484 3950
490 315 625 366 SATURA
644 317 711 367 VIII

148 459 276 517 omnibus
286 460 396 517 auxiliis
411 466 495 534 atque
510 462 585 517 omni
598 462 671 535 pube
686 463 789 520 Latina

147 558 288 614 sufficiunt
302 558 345 615 dis
359 559 474 643 infernis
489 559 643 632 Terraeque
659 562 786 634 parenti:

146 654 235 729 plmis
248 657 322 713 enim
337 656 425 727 Decii,
441 675 525 729 quam
540 676 609 730 quae
624 664 770 716 servantur
784 660 821 716 ab
834 660 897 719 illis.

146 752 257 809 Ancilla
270 758 353 811 natus
367 753 492 812 trabeam
506 754 677 813 etdiadema
691 756 800 826 Quirini

146 856 175 907 et
189 851 401 924 fascesmemIt,
417 871 513 925 regum
527 853 645 910 ultimus
659 854 706 911 ille
720 856 861 914 bonorum.
1009 876 1047 914 2⁶0

146 1032 352 1081 261-268.-th
367 1047 423 1081 sores
440 1033 580 1096 ofBratm
597 1035 676 1096 aquia
693 1036 758 1099 tried
774 1040 797 1083 to
814 1036 898 1099 bdray
917 1035 956 1086 the
974 1040 1043 1098 date,

210 1109 284 1158 while
295 1111 315 1159 it
326 1124 379 1158 acas
388 1125 406 1158 a
417 1110 484 1159 slave
495 1110 548 1159 who
555 1112 688 1174 preserved
697 1114 725 1162 it.
806 1134 811 1151 ·

145 1224 261 1293 Prodita
273 1225 406 1283 laxabant
419 1232 562 1300 portarum
576 1228 698 1286 claustra
711 1231 836 1302 tyrannis

145 1321 287 1379 exsulibus
301 1324 414 1380 iuvenes
428 1325 515 1397 ipsius
530 1325 649 1382 consulis
664 1331 693 1384 et
707 1344 776 1398 quos

145 1439 277 1494 magnum
291 1421 397 1494 aliquid
410 1421 496 1479 dubia
509 1441 559 1496 pro
572 1423 703 1481 libertate
717 1424 833 1497 deceret,

145 1520 218 1593 quod
233 1520 380 1577 miraretur
393 1538 457 1578 cum
471 1521 578 1579 Coclite
591 1522 704 1579 Mucius
719 1527 748 1580 et
765 1542 835 1596 quae

144 1618 253 1691 imperii
266 1618 343 1689 fines,
360 1617 528 1691 Tiberinum,
544 1620 623 1692 virgo
639 1621 758 1679 natavit.

145 1714 261 1772 Occulta
274 1714 310 1771 ad
325 1715 423 1773 Patres
436 1716 568 1789 produxit
581 1718 697 1775 crimina
711 1737 814 1791 servus,

144 1814 278 1871 matronis
291 1813 444 1886 lugendus:
466 1820 496 1871 at
511 1815 573 1872 illos
586 1817 701 1873 verbera
715 1817 797 1875 iustis

144 1911 278 1969 adficiunt
292 1912 386 1985 poenis
400 1916 429 1968 et
442 1912 535 1985 legum
549 1913 640 1987 prima
653 1916 763 1975 securis.

144 2091 333 2142 aceras-00
345 2092 458 2155 tucksar
469 2093 570 2155 ewaqt,
585 2094 639 2142 aad
649 2108 699 2156 qua
709 2094 831 2157 wilisiad
841 2095 894 2145 etat
905 2111 941 2147 we
951 2111 995 2146 are
1005 2095 1045 2145 all

208 2170 415 2233 dacemedfrom
426 2170 556 2231 slacpherds
567 2186 708 2221 or-worse.

129 2268 131 2270 ¹
185 2286 262 2343 Malo
275 2291 355 2359 pater
369 2286 423 2343 tibi
436 2286 474 2342 sit
488 2286 638 2357 Thersites,
654 2287 804 2345 dummodo
818 2295 851 2347 tu
864 2291 903 2348 sis

132 2383 281 2441 Aeacidae
295 2382 393 2439 similis
407 2382 581 2456 Vulcanique
594 2401 672 2439 arma
685 2403 811 2457 capessas
1007 2416 1045 2455 270

143 2498 227 2554 quam
242 2485 271 2536 te
285 2478 428 2536 Thersitae
441 2479 560 2537 similem
574 2480 708 2553 producat
722 2480 852 2541 Achilles.

145 2580 183 2636 Et
198 2584 298 2648 tamen,
314 2582 347 2634 ut
360 2576 440 2650 longe
455 2583 562 2651 repetas
575 2578 710 2651 longeque
723 2580 849 2638 revolvas

143 2694 251 2748 nomen,
268 2675 303 2732 ab
317 2675 415 2732 infami
427 2682 539 2748 gentem
554 2676 666 2732 deducis
680 2677 765 2750 asylo.

76 2780 78 2783 '
144 2773 284 2830 Maiorum
296 2774 402 2847 primus
416 2774 541 2846 quisquis
555 2774 610 2830 fuit
624 2773 672 2831 ille
687 2778 806 2848 tuorum,

49 2869 53 2874 ’
113 2855 117 2866 ’
145 2877 194 2929 aut
207 2876 302 2946 pastor
315 2871 371 2928 fuit
385 2870 553 2942 aut—illud,
570 2871 644 2943 quod
658 2872 747 2929 dicere
760 2872 832 2933 nolo.
1006 2899 1043 2938 2⁷5

461 3001 499 3042 270
512 3000 660 3051 Vulcaniaque
667 3012 689 3051 p.
700 3017 720 3040 ω.
