2484 3950
186 270 217 318 64
452 265 483 314 D.
506 265 599 315 IUNll
619 264 808 316 IUVENALIS

186 418 220 468 ut
233 412 369 484 captatori
383 415 493 467 moreat
507 411 621 468 fastidia
636 411 728 469 Oosso.

187 510 253 566 Non
267 510 362 566 eadem
376 510 435 566 riui
448 515 533 581 atque
547 509 608 581 cibi,
626 514 752 582 torpente
766 509 867 582 palata,

186 606 305 679 gaudia:

656 782 659 787 Q
749 705 850 777 Aspice
864 705 951 777 partis

186 821 261 859 nuno
274 802 406 859 damnum
420 802 552 860 alterius:
572 821 638 859 nam
652 820 722 875 quae
737 807 866 859 cantante
880 803 1016 875 voluptas,
1048 831 1085 857 210

187 901 226 957 sit
239 900 304 956 licet
318 901 436 957 eximius
450 900 623 957 citharoedus
638 900 696 957 sive
711 900 848 973 Seleucus,

187 1003 217 1055 et
230 999 332 1071 quibus
345 1003 443 1055 aurata
456 1017 516 1055 mos
529 1003 572 1055 est
586 997 691 1071 fulgere
704 998 832 1056 lacernal

188 1096 263 1166 Quid
275 1097 368 1170 refert,
383 1097 477 1169 magni
490 1096 586 1153 sedeat
599 1114 655 1168 qua
668 1100 747 1168 parte
762 1095 872 1168 theatri,

187 1195 236 1268 qui
249 1194 298 1250 vix
311 1194 460 1251 cornicines
473 1194 603 1251 exaudiet
617 1199 702 1266 atque
716 1194 847 1251 tubarum

188 1293 355 1350 concentusl
376 1292 493 1349 clamore
507 1311 575 1365 opus
589 1297 640 1365 est,
657 1296 690 1348 ut
704 1292 807 1349 sentiat
821 1293 903 1365 auris,
1049 1321 1086 1358 215

188 1409 271 1463 quem
284 1389 360 1446 dieat
373 1390 481 1447 venisse
494 1407 569 1462 puer,
586 1395 655 1462 quot
668 1391 780 1447 nuntiet
793 1389 883 1449 horas.

188 1487 335 1544 Praeterea
348 1487 480 1543 minimus
492 1487 583 1559 gelido
597 1487 653 1543 iam
667 1488 696 1543 in
710 1506 819 1560 corpore
833 1489 944 1560 sanguis

188 1584 264 1642 febre
279 1585 349 1642 calet
363 1584 422 1641 sola
430 1606 439 1658 3
460 1584 621 1641 circumsilit
635 1585 744 1657 agmine
758 1586 831 1643 facto

189 1682 346 1739 morborum
360 1701 440 1739 omne
454 1700 558 1754 genus:
580 1700 697 1755 quorum
711 1683 735 1739 si
748 1683 860 1740 nomina
874 1702 996 1757 quaeras,

188 1780 343 1854 promptius
357 1779 509 1852 expediam,
525 1784 593 1852 quot
606 1781 742 1837 amaverit
757 1781 863 1854 Hippia
876 1781 1002 1839 moechos
1051 1810 1088 1837 220

189 1881 258 1949 quot
272 1875 420 1932 Themison
433 1894 527 1948 aegros
541 1881 676 1934 autumno
690 1877 818 1935 occiderit
831 1897 894 1951 uno,

189 1980 258 2048 quot
272 1974 383 2031 Basilus
397 1976 490 2048 socios,
507 1981 575 2048 quot
590 1976 831 2049 circumscripserit
846 1977 955 2036 Hirrus.

190 2073 352 2130 Percurram
367 2072 456 2145 citius,
473 2077 541 2145 quot
554 2072 636 2129 villas
650 2073 789 2145 possideat
803 2092 883 2147 nunc,
1051 2102 1088 2139 2²5

190 2189 244 2244 quo
258 2170 392 2227 tondente
404 2170 496 2243 gravis
510 2170 603 2227 iuveni
616 2170 686 2226 mihi
700 2171 786 2228 barba
800 2172 923 2230 sonabat.

190 2268 243 2325 Ille
257 2286 358 2340 umero,
375 2267 421 2324 hic
433 2266 544 2340 lumbis,
561 2268 606 2326 hic
620 2287 688 2325 coxa
701 2270 818 2343 debilis;
838 2271 934 2328 ambos

190 2365 311 2439 perdidit
324 2365 371 2422 ille
385 2364 477 2422 oculos
491 2371 520 2423 et
533 2365 617 2422 luscis
631 2366 756 2440 invidet3
776 2367 859 2424 huius

189 2463 293 2537 pallida
306 2462 385 2519 labra
397 2463 489 2519 cibum
503 2462 642 2535 accipiunt
656 2463 751 2536 digitis
764 2464 869 2522 alienis.

190 2561 254 2635 Ipse
268 2561 304 2617 ad
318 2566 494 2635 conspectum
509 2578 590 2617 cenae
604 2560 733 2618 diducere
746 2561 846 2618 rictum
1052 2592 1090 2630 230

190 2664 294 2734 suetus,
310 2659 370 2716 hiat
384 2665 503 2732 tautum,
520 2677 570 2716 ceu
583 2658 677 2731 pullus
691 2658 854 2730 hirundinis,
871 2660 907 2717 ad
921 2679 1003 2734 quem

191 2777 237 2815 ore
250 2758 328 2815 volat
340 2758 422 2830 pleno
436 2762 526 2814 mater
539 2757 638 2814 ieiuna.
683 2756 738 2814 Sed
752 2758 827 2814 omni

190 2855 377 2912 membrorum
391 2855 492 2911 damno
506 2854 594 2910 maior
607 2854 754 2927 dementia,
771 2873 842 2927 quae
855 2874 905 2912 nec

192 2953 304 3010 nomina
317 2971 467 3023 servorum,
483 2970 533 3009 nec
547 2951 659 3009 vultum
672 2952 797 3025 agnoscit
811 2954 900 3025 amici,

191 3068 254 3108 curn
268 3068 322 3122 quc
336 3049 485 3122 praeterita
499 3048 609 3105 cenavit
623 3054 710 3120 nocto,
727 3067 777 3105 nec
790 3049 861 3122 illos,
1004 3121 1011 3130 ¹
1054 3080 1091 3119 23⁵

192 3167 259 3222 quos
273 3147 378 3220 genuit,
394 3165 463 3220 quos
477 3147 582 3204 eduxit.
626 3146 702 3204 Nam
716 3145 806 3203 codice
820 3165 903 3204 saevo

191 3244 305 3302 heredes
319 3247 398 3301 vetat
411 3261 470 3300 esse
484 3261 567 3318 suos3
587 3243 661 3300 bona
674 3248 735 3300 tota
748 3241 875 3302 feruntur

191 3344 227 3402 ad
241 3341 376 3400 Phialen:

569 3465 605 3503 211
620 3464 676 3505 sitve
685 3480 706 3506 a.
