2484 3950
214 283 259 343 Ι108
478 289 509 340 D.
531 288 625 340 IUNII
645 288 835 339 IUVENALIS

212 499 412 548 eata-Trea
428 500 451 547 is
467 514 502 546 an
517 498 688 560 nneteratfond
705 498 805 545 between
821 501 868 545 troo
884 498 958 557 etna,
975 497 1046 545 Oncbe'
1059 496 1112 543 and

281 578 396 639 Tentyra,
408 575 497 624 caused
512 576 542 637 by
553 575 681 636 defferente
692 576 721 637 os
732 575 845 637 religion.
886 574 1039 637 Tbesorrner
1050 589 1111 622 nuere

276 654 380 716 holding
391 669 407 701 a
412 653 517 716 satient
523 672 534 711 ;
551 653 589 700 the
601 654 676 701 latter
686 654 764 700 oetzed
776 651 815 700 tire
825 653 984 714 opportunity
995 656 1018 700 to
1029 653 1111 700 uttoeto

276 733 342 781 them
353 733 424 779 orato
435 731 499 779 their
510 731 586 778 revela
597 731 650 778 ond
660 731 828 779 tretoutoatton.

254 851 332 907 Inter
345 850 478 906 finitimos
492 854 573 905 vetus
587 853 672 920 atque
686 849 801 920 antiqua
814 847 948 919 simultas,

212 948 369 1006 immortale
383 948 477 1004 odium
492 953 520 1005 et
534 965 687 1019 numquam
701 946 824 1003 sanabile
838 946 939 1003 vulnus

212 1047 291 1104 ardet
306 1045 403 1118 adhuc,
420 1044 524 1102 Ombos
539 1049 568 1101 et
583 1044 711 1115 Tentyra
753 1043 884 1101 Summus
898 1043 1039 1115 utrimque
1087 1070 1110 1108 3⁵

213 1144 277 1200 inde
290 1144 367 1200 furor
380 1142 471 1215 vulga,
488 1141 561 1215 quod
575 1141 691 1197 numina
705 1141 856 1197 vicinorum

213 1242 273 1298 odit
286 1246 403 1313 uterque
416 1239 500 1310 loeus,
517 1257 579 1296 cum
594 1239 666 1295 solos
680 1238 774 1295 credet
788 1237 929 1295 habendos

213 1356 272 1394 esse
285 1338 358 1408 deos,
375 1355 444 1409 quos
458 1338 515 1409 ipse
530 1336 603 1394 colit.
650 1335 706 1393 Sed
720 1342 842 1408 tempore
856 1336 929 1391 sesto

212 1435 327 1492 alterius
340 1433 435 1508 populi
449 1433 581 1507 rapienda
594 1434 700 1490 occasio
714 1433 820 1490 cunctis

213 1537 273 1591 visa
286 1535 460 1590 inimicorum
474 1532 641 1605 primoribus
655 1550 688 1588 ac
701 1531 825 1602 ducibrn,
841 1549 876 1587 ne
1086 1559 1111 1595 40

213 1634 318 1690 laetum
333 1631 502 1702 hilaremque
517 1629 599 1701 diem,
615 1648 650 1685 ne
665 1647 780 1701 magnae
794 1628 895 1701 gaudia
909 1645 992 1685 cenae

213 1731 357 1800 sentirent,
373 1728 471 1801 positis
485 1726 521 1783 ad
535 1726 640 1799 templa
654 1731 682 1782 et
697 1726 817 1798 compita
830 1726 932 1782 mensis

213 1825 394 1900 pervigilique
408 1830 476 1893 toro,
492 1842 573 1895 quem
588 1827 669 1879 noete
683 1841 714 1879 ac
727 1822 787 1880 luce
801 1823 936 1879 iacentem

213 1926 348 1999 septimus
361 1922 502 1980 interdum
515 1922 557 1979 sol
570 1921 686 1979 invenit.
730 1919 851 1978 Horrida
864 1938 929 1977 sane

213 2025 374 2096 Aegyptus:
396 2021 445 2078 sed
457 2020 574 2092 luxuria
592 2024 727 2093 quantum
742 2020 800 2091 ipse
814 2019 917 2089 notavi,
1086 2046 1111 2083 45

213 2121 330 2179 barbara
344 2121 448 2176 famoso
462 2137 517 2174 non
531 2117 604 2174 cedit
617 2117 701 2173 turba
716 2115 835 2189 Oanopo.

213 2217 302 2287 Adde,
319 2216 391 2289 quod
406 2222 434 2272 et
448 2214 536 2272 facilis
549 2214 666 2271 victoria
679 2213 713 2270 de
727 2213 847 2269 madidis
861 2219 890 2270 et

213 2317 313 2374 blaesis
326 2320 410 2387 atque
424 2333 499 2371 mero
512 2312 709 2371 titubantibus.
753 2311 823 2369 Inde
836 2313 959 2367 virorum

213 2413 333 2471 saltatus
346 2412 424 2485 nigro
439 2410 559 2481 tibicine,
576 2409 776 2481 qualiacunque

212 2517 355 2584 unguenta
367 2516 396 2568 et
409 2510 489 2566 flores
503 2508 663 2580 multaeque
676 2508 705 2563 in
720 2508 811 2564 fronte
826 2525 958 2564 coronae:
1087 2533 1113 2569 50

212 2610 276 2666 hinc
290 2609 413 2665 ieiunum
429 2606 530 2662 odium.
576 2604 632 2662 Sed
645 2605 735 2675 iurgia
748 2604 838 2675 prima
852 2621 947 2659 sonare

212 2710 349 2783 incipiunt
364 2708 463 2764 animis
476 2705 656 2763 ardentibus:
677 2704 745 2761 haec
759 2703 827 2761 tube
841 2703 924 2760 rixae.

213 2887 431 2949 53·71.-Aeflre
442 2886 480 2933 tte
490 2884 615 2933 unarmed
626 2884 696 2932 tund
706 2884 761 2932 does
771 2883 884 2946 dntyfor
894 2898 911 2930 a
919 2896 1038 2943 neonem
1055 2881 1114 2929 tten

276 2971 352 3015 sternes
360 2979 404 3013 ore
412 2965 477 3021 need,
487 2963 547 3011 neele
558 2978 586 3011 as
594 2962 634 3011 the
642 2977 715 3024 pnny
726 2962 829 3010 mortale
840 2963 869 3023 of
876 2960 961 3022 w-day
972 2974 1019 3008 can
1030 2960 1112 3007 noielot.

212 3084 285 3141 Dein
300 3083 417 3140 clamore
431 3081 492 3153 peri
505 3080 686 3150 concurritur,
704 3084 733 3136 et
746 3078 806 3135 vice
820 3078 870 3134 teli

211 3182 301 3238 saevit
315 3179 391 3236 nuda
404 3196 519 3235 manus:
540 3195 644 3250 paucae
658 3178 716 3233 sine
731 3176 844 3233 vulnere
858 3176 965 3249 malae3

212 3280 259 3336 vix
274 3279 402 3349 cuiquam
416 3281 466 3332 aut
480 3275 550 3331 nulli
565 3275 789 3354 totccertamine
803 3292 887 3331 nasus
1088 3303 1100 3339 ς

211 3379 324 3449 integer.
368 3374 512 3447 Aspiceres
526 3375 582 3430 iam
597 3377 697 3429 cuncta
710 3391 759 3445 per
772 3375 884 3446 agmine
893 3374 989 3430 vultus

212 3475 348 3544 dimidios,
364 3471 433 3530 alias
447 3472 531 3529 facies
544 3477 573 3529 et
586 3471 695 3528 hiantia
708 3473 798 3545 nuptis
