2484 3950
491 332 627 383 sanuel
645 332 713 382 VIII
1017 331 1048 380 ta

149 528 332 592 alicae-Is
347 528 387 576 the
401 528 487 591 people
503 529 562 590 only
578 528 665 588 ἀοοοοι,
685 528 717 576 (ιο
735 543 785 589 you
801 528 875 577 thiale
895 527 950 589 they
966 525 1050 574 would
1090 562 1093 568 ⁴

213 607 314 656 ιιοοιιοιο
326 612 348 655 ιο
354 608 441 669 prefer
452 607 542 655 Seneca
559 611 582 654 ιο
593 606 667 666 Nero,
683 606 722 654 the
737 606 985 654 οιοιοιοιοιοι-Νοοο
996 605 1050 653 who

213 700 276 747 sang
287 700 319 733 on
327 685 365 733 the
372 685 459 747 public
470 689 543 746 stupe,
555 684 610 733 who
617 689 692 732 οοοοιο
700 684 740 733 the
751 685 849 745 Troico,
860 683 915 732 who
923 683 1051 746 dispescat

214 763 253 811 the
265 763 330 811 heato
340 763 370 824 os
377 761 522 825 hissamily
533 761 595 810 with
605 762 647 810 hh
653 762 757 824 parsley
768 763 881 809 ονοοοοοι

190 877 291 934 Libera
304 877 328 933 si
342 876 443 933 dentur
456 874 558 949 populo
572 875 710 948 suffragia,
726 876 789 948 quis
803 879 862 931 tam

150 976 282 1048 perditus,
298 979 332 1030 ut
345 973 456 1031 dubitet
471 974 603 1032 Senecam
616 974 754 1047 praeferre
769 973 892 1045 Neroni3

150 1075 228 1131 cuius
242 1072 376 1146 supplicio
390 1090 445 1129 non
459 1072 557 1129 debuit
571 1090 628 1129 una
640 1073 732 1146 parari
1007 1055 1008 1058 ¹

149 1172 239 1244 simia,
254 1190 305 1228 neo
318 1189 429 1244 serpeus
443 1189 523 1243 unus,
539 1189 590 1227 nec
604 1170 709 1228 culleus
724 1170 815 1227 unusl

151 1271 207 1327 Par
219 1269 473 1343 Agamemnonidae
487 1269 607 1342 crimen;
629 1269 677 1326 sed
691 1287 774 1326 nausa
787 1269 855 1325 facit
869 1287 928 1326 rem
1013 1295 1050 1332 αις

151 1367 322 1425 dissimilem.
366 1366 475 1439 Quippe
489 1366 537 1424 ille
548 1367 607 1424 deis
621 1366 780 1423 auctoribus
794 1366 870 1422 ultor

150 1465 238 1537 patris
252 1468 312 1521 erat
326 1464 398 1520 eaesi
411 1463 503 1521 media
517 1464 589 1520 inter
603 1463 718 1537 pocula:
739 1463 788 1520 sed
802 1481 852 1520 nec

151 1560 277 1619 Electrae
290 1560 385 1634 iugulo
399 1579 428 1618 se
441 1560 542 1633 polluIt
556 1564 606 1618 aut
622 1559 753 1634 Spartani

150 1659 283 1732 sanguine
297 1658 434 1731 coniugii3
454 1658 540 1715 nullis
554 1659 664 1716 aconita
677 1658 837 1732 propinquis

151 1756 269 1829 miscuit,
286 1755 315 1811 in
329 1772 410 1812 scena
424 1773 566 1828 nunquam
580 1756 705 1813 cantavit
720 1755 840 1828 Orestes,

151 1853 249 1910 Troica
261 1871 317 1909 non
330 1853 447 1925 scripsit
493 1852 567 1922 Quid
581 1854 655 1910 enim
669 1852 818 1926 Verginius
832 1854 915 1910 armis

150 1951 248 2010 debuit
261 1950 356 2009 ulcisci
369 1951 466 2024 magis,
482 1955 531 2009 aut
545 1970 609 2010 cum
623 1951 741 2010 Vindice
756 1950 854 2024 Galba,

151 2051 226 2124 quod
239 2052 268 2108 N
269 2069 315 2109 ero
330 2056 389 2108 tam
403 2069 486 2109 saeva
499 2051 638 2124 crudaque
652 2051 798 2125 tyrannide
812 2050 898 2108 fecitl

152 2147 230 2205 Haeo
243 2166 326 2220 opera
339 2151 423 2220 atque
437 2148 489 2204 hae
503 2152 569 2204 sunt
583 2148 707 2220 generosi
721 2147 853 2221 prinpris
867 2152 949 2220 artes,

143 2244 297 2318 ¹gaudentis
311 2244 390 2301 foedo
404 2245 547 2317 peregrina
560 2243 596 2301 ad
610 2244 720 2317 pulpita
733 2248 818 2301 cantu
1015 2270 1051 2308 ης

151 2342 290 2415 prostitui,
307 2340 461 2414 Graiaeque
475 2342 569 2414 apium
582 2341 714 2399 meruisse
728 2359 849 2399 coronae.
882 2377 885 2382 ·

151 2440 289 2496 Maiomm
304 2439 407 2512 effigies
420 2438 542 2496 habeant
556 2439 676 2511 insIgnia
688 2438 763 2495 vocis
774 2460 780 2497 :

151 2543 216 2595 ante
230 2538 313 2611 pedes
327 2537 435 2594 Domiti
449 2537 562 2610 longum
576 2542 610 2594 tu
623 2556 693 2610 pone
707 2537 845 2610 Thyestae

151 2652 244 2708 syrma
253 2634 299 2692 vel
313 2634 477 2706 Antigonae,
490 2652 636 2707 personam
647 2634 692 2692 vel
707 2634 887 2707 Menalippes,

151 2737 180 2790 et
194 2732 229 2790 de
242 2751 394 2791 marmoreo
409 2732 543 2790 citharam
558 2733 694 2806 suspende
708 2732 819 2791 colosso.
1014 2761 1052 2799 230

152 2938 417 2988 aereae-cattum
433 2954 485 2987 was
501 2939 575 3001 nohly
592 2940 660 3000 tora,
679 2955 705 2988 so
722 2954 774 2989 was
792 2939 909 3003 Cethegus
917 2959 928 3000 ;
944 2940 998 2989 acad
1013 2944 1052 3002 yet

217 3017 268 3067 like
279 3017 416 3067 tartareus
428 3017 509 3067 Gaulo
523 3017 579 3080 they
590 3019 656 3067 ινιόοι
667 3022 690 3067 ιο
696 3018 746 3082 flre
758 3018 796 3067 the
807 3020 865 3082 city.
981 3025 983 3030 '

152 3132 234 3204 Quid,
253 3131 383 3205 Catilius,
399 3133 455 3190 tuis
470 3132 610 3190 natalibus
625 3138 709 3210 atque
725 3132 842 3206 Cethegi

152 3229 276 3288 inveniet
290 3230 436 3301 quisquam
450 3228 616 3286 sublimiusl
657 3229 744 3285 Arma
758 3234 852 3287 tamen
866 3248 915 3287 vos

152 3331 288 3384 nocturna
301 3329 330 3382 et
344 3326 470 3382 flammas
483 3325 612 3383 domibus
627 3325 792 3399 templisque
805 3328 931 3399 parastis,

153 3429 185 3481 ut
199 3423 396 3480 Braccatorum
409 3423 488 3495 pueri
503 3422 697 3495 Senonumque
711 3424 837 3495 minores,

518 3535 555 3574 228
568 3533 621 3584 quid
630 3533 654 3574 P.
665 3550 685 3576 a.
