2484 3950
219 313 251 360 44
485 314 516 363 D.
538 314 632 364 IUNII
652 315 841 367 IUVENALIS

546 560 703 618 SATURA
717 561 794 618 VIII

221 704 403 754 ila-What
418 707 441 753 c's
453 705 492 754 tbc
503 721 545 754 uso
556 708 585 769 of
597 722 614 754 o
632 708 689 769 long
704 708 758 755 aad
773 708 842 756 uoblc
856 713 975 771 auoestrp,
990 710 1112 770 Polaticus,

283 783 310 845 is
323 797 373 845 you
388 784 575 845 disprocedens
592 785 623 847 bg
637 801 702 847 goccr
717 786 854 849 gumildus,
869 802 897 836 or
907 788 970 836 slotb
981 804 1009 836 or
1019 790 1115 837 cosmos

283 876 311 909 or
321 862 482 924 effemiuuey?

220 973 390 1032 Sunnusul
405 977 472 1049 quid
486 977 611 1037 faciuntl
631 980 699 1053 quid
713 981 833 1054 prodest,
851 981 974 1052 Pontice,
990 981 1072 1054 longo

219 1074 351 1146 sanguiue
365 1076 476 1146 censeri,
492 1077 637 1150 pictosque
651 1077 794 1136 ostendere
809 1078 906 1135 vultus

218 1171 354 1229 maiorum
368 1177 397 1229 et
411 1178 518 1230 stantes
532 1174 562 1230 in
576 1175 701 1232 curribus
715 1175 895 1247 Aemilianos,

219 1273 248 1325 et
264 1268 361 1326 Ourios
375 1269 431 1325 iam
445 1269 583 1344 dimidios,
600 1290 750 1345 umeroque
764 1273 898 1329 minorem

220 1364 379 1439 Corvinum,
395 1371 425 1423 et
438 1365 558 1424 Galbam
573 1369 703 1425 auriculis
717 1387 837 1442 nasoque
851 1368 1009 1425 carenteml
1105 1396 1116 1432 5

220 1462 288 1531 Quis
302 1462 417 1535 fructus,
432 1464 541 1535 generis
555 1464 653 1521 tabula
666 1466 769 1522 iactare
784 1465 876 1537 capaci

220 1555 393 1639 [Corvinum
409 1560 525 1633 posthac
537 1561 629 1618 multa
642 1562 800 1635 contingere
814 1557 904 1641 virga]

219 1658 341 1715 fumosos
355 1658 481 1730 equitum
496 1677 559 1715 oum
573 1659 708 1717 dictatore
722 1661 876 1733 magistros,

219 1756 243 1813 si
258 1774 348 1813 coram
362 1756 475 1829 Lepidis
490 1756 561 1813 mals
575 1758 700 1814 viviturl
720 1759 822 1831 effigies
836 1777 891 1831 quo

220 1857 264 1909 tot
276 1852 452 1926 bellatorum,
468 1854 492 1911 si
505 1854 613 1911 luditur
627 1855 687 1912 alea
700 1873 804 1928 pernox

219 1954 285 2008 ante
299 1949 328 2007 N
329 1951 506 2024 umantinos3
527 1952 551 2009 si
565 1951 684 2010 dormire
698 1953 796 2026 incipis
810 1958 873 2010 ortu

220 2047 349 2120 Luciferi,
366 2066 420 2121 quo
434 2049 513 2121 signa
526 2049 610 2107 duces
623 2055 653 2108 et
667 2056 758 2108 castra
770 2050 939 2108 movebantl

221 2144 278 2202 (iur
292 2144 475 2218 Allobrogicis
489 2150 518 2203 et
532 2165 633 2220 magna
646 2148 767 2220 gaudeat
780 2166 829 2205 ara

220 2247 303 2299 natus
318 2242 347 2298 in
362 2242 500 2301 Herculeo
515 2244 618 2301 Fabius
633 2245 712 2318 Lare,
729 2246 753 2302 si
767 2245 892 2317 cupidus,
909 2246 933 2302 si

219 2357 308 2396 vanus
322 2343 351 2396 et
365 2338 497 2412 Euganea
510 2342 691 2413 quantumvis
704 2341 813 2398 mollior
826 2359 916 2414 agna,
1096 2369 1119 2405 ιε

219 2436 243 2493 si
257 2440 383 2494 tenerum
397 2438 512 2496 attritus
527 2438 671 2496 Catinensi
685 2439 793 2512 pumice
805 2438 933 2495 lumbum

218 2533 378 2606 squalentes
392 2536 515 2594 traducit
529 2555 595 2593 avos
608 2543 771 2610 emptorque
784 2536 883 2594 veneni

218 2631 372 2705 frangenda
385 2634 514 2691 mIseram
528 2633 653 2691 dinestat
667 2633 787 2706 imagine
800 2633 932 2706 gentem?

220 2824 432 2896 19·38.-lsigtuc
447 2826 470 2873 c's
485 2823 523 2872 tue
534 2824 593 2885 asty
609 2824 722 2886 uobilc'ty.
758 2824 794 2872 Be
804 2826 926 2884 virtuosus,
941 2823 994 2871 arrd
1009 2837 1045 2871 coa
1059 2836 1121 2883 neap

283 2919 329 2966 sog
344 2905 406 2953 scith
422 2904 461 2953 tbe
477 2905 605 2965 Egyptian
616 2904 738 2966 populosa
750 2903 899 2967 εὑρήκαμεν,·
916 2901 1040 2951 otbcmctse
1055 2916 1121 2963 yoacr

284 2983 349 3030 titios
360 2983 417 3031 eoill
429 2983 454 3030 bc
465 2997 482 3029 a
493 2981 606 3044 moclcerp
617 2982 682 3044 carly.

220 3108 292 3165 Tota
305 3109 370 3166 licet
384 3115 491 3166 veteres
505 3114 639 3166 exornent
654 3109 776 3181 undique
790 3129 866 3167 cerae
891 3123 895 3130 ‘

220 3207 299 3277 atria,
315 3207 446 3264 nobilitas
460 3207 519 3264 sola
532 3212 575 3263 est
588 3212 673 3279 atque
687 3208 768 3264 unica
781 3208 879 3266 virtus.

221 3302 325 3360 Paulus
339 3303 384 3359 vel
399 3303 502 3360 Cossus
515 3303 561 3360 vel
575 3304 685 3360 Drusus
699 3304 822 3360 moribus
837 3309 915 3377 esto,

220 3401 270 3457 hos
284 3404 350 3457 ante
364 3400 468 3473 effigies
482 3402 618 3458 maiorum
633 3407 848 3474 ponetuorum3

220 3497 384 3571 praecedant
397 3498 471 3571 ipsas
484 3498 527 3555 illi
541 3503 569 3556 te
583 3500 694 3557 consule
708 3500 809 3573 virgas.
