<?xml version="1.0" encoding="UTF-8"?>
<!DOCTYPE html PUBLIC "-//W3C//DTD XHTML 1.0 Transitional//EN"
    "http://www.w3.org/TR/xhtml1/DTD/xhtml1-transitional.dtd">
<html xmlns="http://www.w3.org/1999/xhtml" xml:lang="en" lang="en">
 <head>
  <title>
</title>
<meta http-equiv="Content-Type" content="text/html;charset=utf-8" />
  <meta name='ocr-system' content='tesseract 3.04.00' />
  <meta name='ocr-capabilities' content='ocr_page ocr_carea ocr_par ocr_line ocrx_word'/>
</head>
<body>
  <div class='ocr_page' id='page_1' title='image "./decimiiuniiiuve00hardgoog_0156.png"; bbox 0 0 2484 3950; ppageno 0'>
   <div class='ocr_carea' id='block_1_1' title="bbox 200 247 824 333">
    <p class='ocr_par' dir='ltr' id='par_1_1' title="bbox 200 247 824 333">
     <span class='ocr_line' id='line_1_1' title="bbox 200 247 824 333; baseline -0.002 0"><span class='ocrx_word' id='word_1_1' title='bbox 200 282 230 333; x_wconf 80' lang='lat' dir='ltr'>rc</span> <span class='ocrx_word' id='word_1_2' title='bbox 466 281 497 331; x_wconf 85' lang='lat' dir='ltr'>n.</span> <span class='ocrx_word' id='word_1_3' title='bbox 520 282 613 332; x_wconf 79' lang='lat' dir='ltr'>iorni</span> <span class='ocrx_word' id='word_1_4' title='bbox 634 247 824 332; x_wconf 72' lang='lat' dir='ltr'>invenitis</span> 
     </span>
    </p>
   </div>
   <div class='ocr_carea' id='block_1_2' title="bbox 198 426 1102 991">
    <p class='ocr_par' dir='ltr' id='par_1_2' title="bbox 199 426 899 500">
     <span class='ocr_line' id='line_1_2' title="bbox 199 426 899 500; baseline 0.001 -16"><span class='ocrx_word' id='word_1_5' title='bbox 199 433 229 484; x_wconf 89' lang='lat' dir='ltr'>et</span> <span class='ocrx_word' id='word_1_6' title='bbox 242 428 372 499; x_wconf 86' lang='lat' dir='ltr'>casulam,</span> <span class='ocrx_word' id='word_1_7' title='bbox 389 433 419 483; x_wconf 90' lang='lat' dir='ltr'>et</span> <span class='ocrx_word' id='word_1_8' title='bbox 435 431 516 484; x_wconf 90' lang='lat' dir='ltr'>notos</span> <span class='ocrx_word' id='word_1_9' title='bbox 530 428 621 484; x_wconf 85' lang='lat' dir='ltr'>tristis</span> <span class='ocrx_word' id='word_1_10' title='bbox 636 427 775 485; x_wconf 78' lang='lat' dir='ltr'>desiderat</span> <span class='ocrx_word' id='word_1_11' title='bbox 789 426 899 500; x_wconf 86' lang='lat' dir='ltr'>haedos,</span> 
     </span>
    </p>

    <p class='ocr_par' dir='ltr' id='par_1_3' title="bbox 198 525 820 599">
     <span class='ocr_line' id='line_1_3' title="bbox 198 525 820 599; baseline 0.002 -17"><span class='ocrx_word' id='word_1_12' title='bbox 198 527 312 599; x_wconf 83' lang='lat' dir='ltr'>ingenui</span> <span class='ocrx_word' id='word_1_13' title='bbox 326 525 422 582; x_wconf 89' lang='lat' dir='ltr'>vuitus</span> <span class='ocrx_word' id='word_1_14' title='bbox 435 543 504 597; x_wconf 89' lang='lat' dir='ltr'>puer</span> <span class='ocrx_word' id='word_1_15' title='bbox 518 526 685 599; x_wconf 87' lang='lat' dir='ltr'>ingenuique</span> <span class='ocrx_word' id='word_1_16' title='bbox 698 526 820 599; x_wconf 86' lang='lat' dir='ltr'>pudoris,</span> 
     </span>
    </p>

    <p class='ocr_par' dir='ltr' id='par_1_4' title="bbox 200 623 911 697">
     <span class='ocr_line' id='line_1_4' title="bbox 200 623 911 697; baseline 0.003 -16"><span class='ocrx_word' id='word_1_17' title='bbox 200 623 295 697; x_wconf 84' lang='lat' dir='ltr'>quales</span> <span class='ocrx_word' id='word_1_18' title='bbox 309 641 367 680; x_wconf 89' lang='lat' dir='ltr'>esse</span> <span class='ocrx_word' id='word_1_19' title='bbox 381 623 467 694; x_wconf 89' lang='lat' dir='ltr'>decet,</span> <span class='ocrx_word' id='word_1_20' title='bbox 484 641 553 695; x_wconf 89' lang='lat' dir='ltr'>quos</span> <span class='ocrx_word' id='word_1_21' title='bbox 567 624 667 681; x_wconf 86' lang='lat' dir='ltr'>ardens</span> <span class='ocrx_word' id='word_1_22' title='bbox 680 642 803 697; x_wconf 83' lang='lat' dir='ltr'>purpura</span> <span class='ocrx_word' id='word_1_23' title='bbox 816 625 911 683; x_wconf 87' lang='lat' dir='ltr'>vestit.</span> 
     </span>
    </p>

    <p class='ocr_par' dir='ltr' id='par_1_5' title="bbox 200 720 900 794">
     <span class='ocr_line' id='line_1_5' title="bbox 200 720 900 794; baseline 0.003 -16"><span class='ocrx_word' id='word_1_24' title='bbox 200 721 257 778; x_wconf 91' lang='lat' dir='ltr'>Hic</span> <span class='ocrx_word' id='word_1_25' title='bbox 271 720 324 777; x_wconf 90' lang='lat' dir='ltr'>tibi</span> <span class='ocrx_word' id='word_1_26' title='bbox 338 721 403 777; x_wconf 89' lang='lat' dir='ltr'>vina</span> <span class='ocrx_word' id='word_1_27' title='bbox 416 720 504 793; x_wconf 87' lang='lat' dir='ltr'>dabit,</span> <span class='ocrx_word' id='word_1_28' title='bbox 520 720 622 778; x_wconf 89' lang='lat' dir='ltr'>diffusa</span> <span class='ocrx_word' id='word_1_29' title='bbox 636 723 666 779; x_wconf 92' lang='lat' dir='ltr'>in</span> <span class='ocrx_word' id='word_1_30' title='bbox 679 722 821 780; x_wconf 87' lang='lat' dir='ltr'>montibus</span> <span class='ocrx_word' id='word_1_31' title='bbox 835 721 900 794; x_wconf 90' lang='lat' dir='ltr'>illis,</span> 
     </span>
    </p>

    <p class='ocr_par' dir='ltr' id='par_1_6' title="bbox 200 819 1102 991">
     <span class='ocr_line' id='line_1_6' title="bbox 200 819 1102 892; baseline 0 -16"><span class='ocrx_word' id='word_1_32' title='bbox 200 838 217 876; x_wconf 90' lang='lat' dir='ltr'>a</span> <span class='ocrx_word' id='word_1_33' title='bbox 231 819 331 891; x_wconf 89' lang='lat' dir='ltr'>quibus</span> <span class='ocrx_word' id='word_1_34' title='bbox 345 819 404 891; x_wconf 90' lang='lat' dir='ltr'>ipse</span> <span class='ocrx_word' id='word_1_35' title='bbox 417 820 503 892; x_wconf 87' lang='lat' dir='ltr'>venit,</span> <span class='ocrx_word' id='word_1_36' title='bbox 520 837 638 891; x_wconf 89' lang='lat' dir='ltr'>quorum</span> <span class='ocrx_word' id='word_1_37' title='bbox 653 820 705 877; x_wconf 90' lang='lat' dir='ltr'>snb</span> <span class='ocrx_word' id='word_1_38' title='bbox 719 821 823 877; x_wconf 91' lang='lat' dir='ltr'>vertice</span> <span class='ocrx_word' id='word_1_39' title='bbox 836 819 923 879; x_wconf 89' lang='lat' dir='ltr'>lusit:</span> <span class='ocrx_word' id='word_1_40' title='bbox 1066 839 1102 877; x_wconf 88' lang='lat'>160</span> 
     </span>
     <span class='ocr_line' id='line_1_7' title="bbox 200 917 1077 991; baseline 0.002 -17"><span class='ocrx_word' id='word_1_41' title='bbox 200 935 319 988; x_wconf 89' lang='lat' dir='ltr'>namque</span> <span class='ocrx_word' id='word_1_42' title='bbox 333 935 390 974; x_wconf 91' lang='lat' dir='ltr'>una</span> <span class='ocrx_word' id='word_1_43' title='bbox 404 922 488 990; x_wconf 88' lang='lat' dir='ltr'>atque</span> <span class='ocrx_word' id='word_1_44' title='bbox 502 917 599 975; x_wconf 90' lang='lat' dir='ltr'>eadem</span> <span class='ocrx_word' id='word_1_45' title='bbox 613 924 658 975; x_wconf 91' lang='lat' dir='ltr'>est</span> <span class='ocrx_word' id='word_1_46' title='bbox 672 918 732 974; x_wconf 90' lang='lat' dir='ltr'>vini</span> <span class='ocrx_word' id='word_1_47' title='bbox 746 919 837 990; x_wconf 89' lang='lat' dir='ltr'>patria</span> <span class='ocrx_word' id='word_1_48' title='bbox 851 923 935 991; x_wconf 90' lang='lat' dir='ltr'>atque</span> <span class='ocrx_word' id='word_1_49' title='bbox 949 919 1077 977; x_wconf 87' lang='lat' dir='ltr'>ministri.</span> 
     </span>
    </p>
   </div>
   <div class='ocr_carea' id='block_1_3' title="bbox 184 1091 1106 2999">
    <p class='ocr_par' dir='ltr' id='par_1_7' title="bbox 203 1091 1103 1312">
     <span class='ocr_line' id='line_1_8' title="bbox 203 1091 1102 1159; baseline 0.004 -18"><span class='ocrx_word' id='word_1_50' title='bbox 203 1091 434 1143; x_wconf 70' lang='lat' dir='ltr'>toalea-There</span> <span class='ocrx_word' id='word_1_51' title='bbox 449 1095 506 1144; x_wconf 81' lang='lat' dir='ltr'>will</span> <span class='ocrx_word' id='word_1_52' title='bbox 523 1096 548 1143; x_wconf 77' lang='lat' dir='ltr'>oe</span> <span class='ocrx_word' id='word_1_53' title='bbox 562 1111 595 1143; x_wconf 80' lang='lat' dir='ltr'>ao</span> <span class='ocrx_word' id='word_1_54' title='bbox 613 1096 747 1144; x_wconf 74' lang='lat' dir='ltr'>lasciviores</span> <span class='ocrx_word' id='word_1_55' title='bbox 762 1096 869 1155; x_wconf 52' lang='lat' dir='ltr'>damam</span> <span class='ocrx_word' id='word_1_56' title='bbox 884 1095 945 1145; x_wconf 67' lang='lat' dir='ltr'>nect</span> <span class='ocrx_word' id='word_1_57' title='bbox 960 1095 1044 1159; x_wconf 71' lang='lat' dir='ltr'>tbinpo</span> <span class='ocrx_word' id='word_1_58' title='bbox 1059 1111 1102 1145; x_wconf 81' lang='lat' dir='ltr'>arc</span> 
     </span>
     <span class='ocr_line' id='line_1_9' title="bbox 259 1171 1103 1236; baseline 0.004 -17"><span class='ocrx_word' id='word_1_59' title='bbox 259 1172 306 1234; x_wconf 83' lang='lat' dir='ltr'>sor</span> <span class='ocrx_word' id='word_1_60' title='bbox 316 1171 355 1220; x_wconf 69' lang='lat' dir='ltr'>aa</span> <span class='ocrx_word' id='word_1_61' title='bbox 363 1171 436 1223; x_wconf 73' lang='lat' dir='ltr'>rich:</span> <span class='ocrx_word' id='word_1_62' title='bbox 453 1172 496 1220; x_wconf 76' lang='lat' dir='ltr'>uc</span> <span class='ocrx_word' id='word_1_63' title='bbox 506 1187 556 1235; x_wconf 77' lang='lat' dir='ltr'>you</span> <span class='ocrx_word' id='word_1_64' title='bbox 564 1172 633 1221; x_wconf 76' lang='lat' dir='ltr'>altall</span> <span class='ocrx_word' id='word_1_65' title='bbox 643 1172 705 1221; x_wconf 80' lang='lat' dir='ltr'>beor</span> <span class='ocrx_word' id='word_1_66' title='bbox 713 1188 776 1222; x_wconf 79' lang='lat' dir='ltr'>acccc</span> <span class='ocrx_word' id='word_1_67' title='bbox 783 1174 1001 1236; x_wconf 71' lang='lat' dir='ltr'>rmdatc&#39;oarsrom</span> <span class='ocrx_word' id='word_1_68' title='bbox 1008 1173 1103 1222; x_wconf 80' lang='lat' dir='ltr'>Homer</span> 
     </span>
     <span class='ocr_line' id='line_1_10' title="bbox 267 1249 402 1312; baseline 0.007 -15"><span class='ocrx_word' id='word_1_69' title='bbox 267 1264 295 1297; x_wconf 85' lang='lat' dir='ltr'>or</span> <span class='ocrx_word' id='word_1_70' title='bbox 311 1249 402 1312; x_wconf 75' lang='lat' dir='ltr'>Verqil.</span> 
     </span>
    </p>

    <p class='ocr_par' dir='ltr' id='par_1_8' title="bbox 203 1365 814 1439">
     <span class='ocr_line' id='line_1_11' title="bbox 203 1365 814 1439; baseline 0 -16"><span class='ocrx_word' id='word_1_71' title='bbox 203 1365 332 1423; x_wconf 77' lang='lat' dir='ltr'>Forsitan</span> <span class='ocrx_word' id='word_1_72' title='bbox 346 1371 495 1439; x_wconf 85' lang='lat' dir='ltr'>exspectes,</span> <span class='ocrx_word' id='word_1_73' title='bbox 511 1372 545 1423; x_wconf 94' lang='lat' dir='ltr'>ut</span> <span class='ocrx_word' id='word_1_74' title='bbox 559 1366 702 1424; x_wconf 86' lang='lat' dir='ltr'>Gaditana</span> <span class='ocrx_word' id='word_1_75' title='bbox 715 1385 814 1424; x_wconf 90' lang='lat' dir='ltr'>canoro</span> 
     </span>
    </p>

    <p class='ocr_par' dir='ltr' id='par_1_9' title="bbox 201 1463 878 1537">
     <span class='ocr_line' id='line_1_12' title="bbox 201 1463 878 1537; baseline 0.003 -17"><span class='ocrx_word' id='word_1_76' title='bbox 201 1464 337 1537; x_wconf 75' lang='lat' dir='ltr'>incipiant</span> <span class='ocrx_word' id='word_1_77' title='bbox 350 1465 456 1536; x_wconf 92' lang='lat' dir='ltr'>prurire</span> <span class='ocrx_word' id='word_1_78' title='bbox 471 1463 561 1535; x_wconf 89' lang='lat' dir='ltr'>choro,</span> <span class='ocrx_word' id='word_1_79' title='bbox 576 1463 731 1537; x_wconf 89' lang='lat' dir='ltr'>plausuque</span> <span class='ocrx_word' id='word_1_80' title='bbox 745 1465 878 1537; x_wconf 90' lang='lat' dir='ltr'>probatae</span> 
     </span>
    </p>

    <p class='ocr_par' dir='ltr' id='par_1_10' title="bbox 201 1559 907 1635">
     <span class='ocr_line' id='line_1_13' title="bbox 201 1559 907 1635; baseline 0.003 -17"><span class='ocrx_word' id='word_1_81' title='bbox 201 1561 238 1618; x_wconf 90' lang='lat' dir='ltr'>ad</span> <span class='ocrx_word' id='word_1_82' title='bbox 252 1566 355 1618; x_wconf 89' lang='lat' dir='ltr'>terram</span> <span class='ocrx_word' id='word_1_83' title='bbox 369 1559 489 1617; x_wconf 88' lang='lat' dir='ltr'>tremulo</span> <span class='ocrx_word' id='word_1_84' title='bbox 503 1560 673 1618; x_wconf 76' lang='lat' dir='ltr'>descendant</span> <span class='ocrx_word' id='word_1_85' title='bbox 687 1561 767 1619; x_wconf 91' lang='lat' dir='ltr'>clune</span> <span class='ocrx_word' id='word_1_86' title='bbox 781 1561 907 1635; x_wconf 86' lang='lat' dir='ltr'>puellae:</span> 
     </span>
    </p>

    <p class='ocr_par' dir='ltr' id='par_1_11' title="bbox 202 1657 1102 1731">
     <span class='ocr_line' id='line_1_14' title="bbox 202 1657 1102 1731; baseline -0.002 -15"><span class='ocrx_word' id='word_1_87' title='bbox 202 1663 330 1731; x_wconf 89' lang='lat' dir='ltr'>spectant</span> <span class='ocrx_word' id='word_1_88' title='bbox 343 1657 395 1714; x_wconf 93' lang='lat' dir='ltr'>hoc</span> <span class='ocrx_word' id='word_1_89' title='bbox 409 1662 513 1730; x_wconf 87' lang='lat' dir='ltr'>nuptae</span> <span class='ocrx_word' id='word_1_90' title='bbox 527 1658 608 1714; x_wconf 84' lang='lat' dir='ltr'>iuxta</span> <span class='ocrx_word' id='word_1_91' title='bbox 621 1660 772 1717; x_wconf 81' lang='lat' dir='ltr'>recubante</span> <span class='ocrx_word' id='word_1_92' title='bbox 786 1660 895 1731; x_wconf 88' lang='lat' dir='ltr'>marito,</span> <span class='ocrx_word' id='word_1_93' title='bbox 1067 1677 1102 1724; x_wconf 81' lang='lat'>165</span> 
     </span>
    </p>

    <p class='ocr_par' dir='ltr' id='par_1_12' title="bbox 202 1753 973 1829">
     <span class='ocr_line' id='line_1_15' title="bbox 202 1753 973 1829; baseline -0.001 -17"><span class='ocrx_word' id='word_1_94' title='bbox 202 1755 277 1828; x_wconf 89' lang='lat' dir='ltr'>quod</span> <span class='ocrx_word' id='word_1_95' title='bbox 290 1755 395 1828; x_wconf 88' lang='lat' dir='ltr'>pudeat</span> <span class='ocrx_word' id='word_1_96' title='bbox 408 1772 534 1811; x_wconf 89' lang='lat' dir='ltr'>narrasse</span> <span class='ocrx_word' id='word_1_97' title='bbox 548 1753 670 1828; x_wconf 88' lang='lat' dir='ltr'>aliquem</span> <span class='ocrx_word' id='word_1_98' title='bbox 683 1756 875 1828; x_wconf 88' lang='lat' dir='ltr'>praesentibus</span> <span class='ocrx_word' id='word_1_99' title='bbox 889 1757 973 1829; x_wconf 88' lang='lat' dir='ltr'>ipsis:</span> 
     </span>
    </p>

    <p class='ocr_par' dir='ltr' id='par_1_13' title="bbox 203 1852 953 1925">
     <span class='ocr_line' id='line_1_16' title="bbox 203 1852 953 1925; baseline 0.004 -16"><span class='ocrx_word' id='word_1_100' title='bbox 203 1871 258 1910; x_wconf 92' lang='lat' dir='ltr'>non</span> <span class='ocrx_word' id='word_1_101' title='bbox 272 1853 348 1925; x_wconf 86' lang='lat' dir='ltr'>capit</span> <span class='ocrx_word' id='word_1_102' title='bbox 361 1852 413 1909; x_wconf 88' lang='lat' dir='ltr'>has</span> <span class='ocrx_word' id='word_1_103' title='bbox 426 1870 514 1925; x_wconf 85' lang='lat' dir='ltr'>nugas</span> <span class='ocrx_word' id='word_1_104' title='bbox 528 1852 644 1911; x_wconf 87' lang='lat' dir='ltr'>humilis</span> <span class='ocrx_word' id='word_1_105' title='bbox 658 1854 773 1913; x_wconf 89' lang='lat' dir='ltr'>domus:</span> <span class='ocrx_word' id='word_1_106' title='bbox 795 1855 892 1912; x_wconf 88' lang='lat' dir='ltr'>audiat</span> <span class='ocrx_word' id='word_1_107' title='bbox 905 1854 953 1912; x_wconf 88' lang='lat' dir='ltr'>ilie</span> 
     </span>
    </p>

    <p class='ocr_par' dir='ltr' id='par_1_14' title="bbox 202 1951 971 2025">
     <span class='ocr_line' id='line_1_17' title="bbox 202 1951 971 2025; baseline 0.001 -16"><span class='ocrx_word' id='word_1_108' title='bbox 202 1956 340 2009; x_wconf 90' lang='lat' dir='ltr'>testarum</span> <span class='ocrx_word' id='word_1_109' title='bbox 354 1952 475 2024; x_wconf 83' lang='lat' dir='ltr'>crepitus</span> <span class='ocrx_word' id='word_1_110' title='bbox 490 1970 553 2010; x_wconf 89' lang='lat' dir='ltr'>cum</span> <span class='ocrx_word' id='word_1_111' title='bbox 567 1953 668 2025; x_wconf 87' lang='lat' dir='ltr'>verbis,</span> <span class='ocrx_word' id='word_1_112' title='bbox 685 1952 792 2011; x_wconf 91' lang='lat' dir='ltr'>nudum</span> <span class='ocrx_word' id='word_1_113' title='bbox 806 1951 880 2010; x_wconf 94' lang='lat' dir='ltr'>olido</span> <span class='ocrx_word' id='word_1_114' title='bbox 893 1958 971 2010; x_wconf 87' lang='lat' dir='ltr'>stans</span> 
     </span>
    </p>

    <p class='ocr_par' dir='ltr' id='par_1_15' title="bbox 202 2050 956 2125">
     <span class='ocr_line' id='line_1_18' title="bbox 202 2050 956 2125; baseline 0 -18"><span class='ocrx_word' id='word_1_115' title='bbox 202 2050 306 2108; x_wconf 89' lang='lat' dir='ltr'>fornice</span> <span class='ocrx_word' id='word_1_116' title='bbox 320 2051 490 2122; x_wconf 86' lang='lat' dir='ltr'>mancipium</span> <span class='ocrx_word' id='word_1_117' title='bbox 505 2051 606 2123; x_wconf 90' lang='lat' dir='ltr'>quibus</span> <span class='ocrx_word' id='word_1_118' title='bbox 621 2052 763 2125; x_wconf 83' lang='lat' dir='ltr'>abstinet3</span> <span class='ocrx_word' id='word_1_119' title='bbox 784 2050 832 2107; x_wconf 89' lang='lat' dir='ltr'>ille</span> <span class='ocrx_word' id='word_1_120' title='bbox 846 2050 956 2108; x_wconf 87' lang='lat' dir='ltr'>fruatur</span> 
     </span>
    </p>

    <p class='ocr_par' dir='ltr' id='par_1_16' title="bbox 203 2148 822 2222">
     <span class='ocr_line' id='line_1_19' title="bbox 203 2148 822 2222; baseline 0 -16"><span class='ocrx_word' id='word_1_121' title='bbox 203 2148 318 2206; x_wconf 86' lang='lat' dir='ltr'>vocibus</span> <span class='ocrx_word' id='word_1_122' title='bbox 333 2148 457 2206; x_wconf 78' lang='lat' dir='ltr'>obscenis</span> <span class='ocrx_word' id='word_1_123' title='bbox 471 2149 601 2222; x_wconf 91' lang='lat' dir='ltr'>omnique</span> <span class='ocrx_word' id='word_1_124' title='bbox 614 2148 740 2206; x_wconf 90' lang='lat' dir='ltr'>libidinis</span> <span class='ocrx_word' id='word_1_125' title='bbox 753 2154 822 2221; x_wconf 87' lang='lat' dir='ltr'>arte,</span> 
     </span>
    </p>

    <p class='ocr_par' dir='ltr' id='par_1_17' title="bbox 203 2245 1103 2319">
     <span class='ocr_line' id='line_1_20' title="bbox 203 2245 1103 2319; baseline -0.003 -15"><span class='ocrx_word' id='word_1_126' title='bbox 203 2248 251 2319; x_wconf 88' lang='lat' dir='ltr'>qui</span> <span class='ocrx_word' id='word_1_127' title='bbox 266 2245 515 2303; x_wconf 87' lang='lat' dir='ltr'>Lacedaemonium</span> <span class='ocrx_word' id='word_1_128' title='bbox 529 2247 682 2319; x_wconf 83' lang='lat' dir='ltr'>pytismate</span> <span class='ocrx_word' id='word_1_129' title='bbox 695 2246 815 2305; x_wconf 90' lang='lat' dir='ltr'>lubricat</span> <span class='ocrx_word' id='word_1_130' title='bbox 829 2248 931 2305; x_wconf 90' lang='lat' dir='ltr'>orbem.</span> <span class='ocrx_word' id='word_1_131' title='bbox 1068 2273 1103 2313; x_wconf 85' lang='lat'>1⁷⁵</span> 
     </span>
    </p>

    <p class='ocr_par' dir='ltr' id='par_1_18' title="bbox 184 2325 977 2417">
     <span class='ocr_line' id='line_1_21' title="bbox 184 2325 977 2417; baseline 0.001 -17"><span class='ocrx_word' id='word_1_132' title='bbox 184 2325 190 2337; x_wconf 62' lang='grc'>’</span> <span class='ocrx_word' id='word_1_133' title='bbox 204 2343 333 2416; x_wconf 88' lang='lat' dir='ltr'>Namque</span> <span class='ocrx_word' id='word_1_134' title='bbox 347 2344 387 2401; x_wconf 93' lang='lat' dir='ltr'>ibi</span> <span class='ocrx_word' id='word_1_135' title='bbox 401 2343 529 2402; x_wconf 85' lang='lat' dir='ltr'>fortunae</span> <span class='ocrx_word' id='word_1_136' title='bbox 542 2345 654 2403; x_wconf 87' lang='lat' dir='ltr'>veniam</span> <span class='ocrx_word' id='word_1_137' title='bbox 667 2345 783 2402; x_wconf 90' lang='lat' dir='ltr'>damus:</span> <span class='ocrx_word' id='word_1_138' title='bbox 805 2344 866 2402; x_wconf 84' lang='lat' dir='ltr'>alea</span> <span class='ocrx_word' id='word_1_139' title='bbox 880 2345 977 2417; x_wconf 86' lang='lat' dir='ltr'>turpis,</span> 
     </span>
    </p>

    <p class='ocr_par' dir='ltr' id='par_1_19' title="bbox 204 2440 1005 2515">
     <span class='ocr_line' id='line_1_22' title="bbox 204 2440 1005 2515; baseline -0.005 -15"><span class='ocrx_word' id='word_1_140' title='bbox 204 2447 285 2515; x_wconf 85' lang='lat' dir='ltr'>turpe</span> <span class='ocrx_word' id='word_1_141' title='bbox 299 2447 328 2499; x_wconf 91' lang='lat' dir='ltr'>et</span> <span class='ocrx_word' id='word_1_142' title='bbox 342 2441 510 2499; x_wconf 86' lang='lat' dir='ltr'>adulterium</span> <span class='ocrx_word' id='word_1_143' title='bbox 523 2442 715 2500; x_wconf 86' lang='lat' dir='ltr'>mediocribus.</span> <span class='ocrx_word' id='word_1_144' title='bbox 759 2441 838 2498; x_wconf 89' lang='lat' dir='ltr'>Haec</span> <span class='ocrx_word' id='word_1_145' title='bbox 852 2442 948 2498; x_wconf 89' lang='lat' dir='ltr'>eadem</span> <span class='ocrx_word' id='word_1_146' title='bbox 962 2440 1005 2496; x_wconf 91' lang='lat' dir='ltr'>illi</span> 
     </span>
    </p>

    <p class='ocr_par' dir='ltr' id='par_1_20' title="bbox 204 2538 925 2612">
     <span class='ocr_line' id='line_1_23' title="bbox 204 2538 925 2612; baseline -0.001 -16"><span class='ocrx_word' id='word_1_147' title='bbox 204 2539 297 2597; x_wconf 91' lang='lat' dir='ltr'>omnia</span> <span class='ocrx_word' id='word_1_148' title='bbox 310 2557 374 2596; x_wconf 91' lang='lat' dir='ltr'>oum</span> <span class='ocrx_word' id='word_1_149' title='bbox 387 2540 500 2612; x_wconf 87' lang='lat' dir='ltr'>faciant,</span> <span class='ocrx_word' id='word_1_150' title='bbox 517 2538 618 2596; x_wconf 87' lang='lat' dir='ltr'>hilares</span> <span class='ocrx_word' id='word_1_151' title='bbox 633 2538 770 2612; x_wconf 91' lang='lat' dir='ltr'>nitidique</span> <span class='ocrx_word' id='word_1_152' title='bbox 783 2543 925 2596; x_wconf 86' lang='lat' dir='ltr'>vocantur.</span> 
     </span>
    </p>

    <p class='ocr_par' dir='ltr' id='par_1_21' title="bbox 204 2634 863 2694">
     <span class='ocr_line' id='line_1_24' title="bbox 204 2634 863 2694; baseline 0.002 -1"><span class='ocrx_word' id='word_1_153' title='bbox 204 2637 311 2694; x_wconf 90' lang='lat' dir='ltr'>Nostra</span> <span class='ocrx_word' id='word_1_154' title='bbox 323 2636 432 2693; x_wconf 91' lang='lat' dir='ltr'>dabunt</span> <span class='ocrx_word' id='word_1_155' title='bbox 445 2636 514 2692; x_wconf 91' lang='lat' dir='ltr'>alios</span> <span class='ocrx_word' id='word_1_156' title='bbox 528 2634 610 2692; x_wconf 94' lang='lat' dir='ltr'>hodie</span> <span class='ocrx_word' id='word_1_157' title='bbox 625 2637 753 2693; x_wconf 86' lang='lat' dir='ltr'>convivia</span> <span class='ocrx_word' id='word_1_158' title='bbox 765 2635 863 2694; x_wconf 92' lang='lat' dir='ltr'>ludos:</span> 
     </span>
    </p>

    <p class='ocr_par' dir='ltr' id='par_1_22' title="bbox 203 2731 1106 2804">
     <span class='ocr_line' id='line_1_25' title="bbox 203 2731 1106 2804; baseline -0.004 -14"><span class='ocrx_word' id='word_1_159' title='bbox 203 2733 330 2790; x_wconf 88' lang='lat' dir='ltr'>conditor</span> <span class='ocrx_word' id='word_1_160' title='bbox 344 2732 449 2790; x_wconf 89' lang='lat' dir='ltr'>Iliados</span> <span class='ocrx_word' id='word_1_161' title='bbox 463 2732 631 2803; x_wconf 88' lang='lat' dir='ltr'>cantabitur,</span> <span class='ocrx_word' id='word_1_162' title='bbox 647 2738 731 2804; x_wconf 90' lang='lat' dir='ltr'>atque</span> <span class='ocrx_word' id='word_1_163' title='bbox 746 2731 870 2788; x_wconf 90' lang='lat' dir='ltr'>Maronis</span> <span class='ocrx_word' id='word_1_164' title='bbox 1068 2749 1106 2787; x_wconf 86' lang='lat'>180</span> 
     </span>
    </p>

    <p class='ocr_par' dir='ltr' id='par_1_23' title="bbox 203 2828 869 2901">
     <span class='ocr_line' id='line_1_26' title="bbox 203 2828 869 2901; baseline -0.005 -14"><span class='ocrx_word' id='word_1_165' title='bbox 203 2829 317 2887; x_wconf 87' lang='lat' dir='ltr'>altisoni</span> <span class='ocrx_word' id='word_1_166' title='bbox 331 2829 446 2887; x_wconf 91' lang='lat' dir='ltr'>dubiam</span> <span class='ocrx_word' id='word_1_167' title='bbox 459 2829 591 2886; x_wconf 87' lang='lat' dir='ltr'>facientia</span> <span class='ocrx_word' id='word_1_168' title='bbox 605 2829 727 2885; x_wconf 88' lang='lat' dir='ltr'>carmina</span> <span class='ocrx_word' id='word_1_169' title='bbox 741 2828 869 2901; x_wconf 86' lang='lat' dir='ltr'>palmam.</span> 
     </span>
    </p>

    <p class='ocr_par' dir='ltr' id='par_1_24' title="bbox 205 2925 894 2999">
     <span class='ocr_line' id='line_1_27' title="bbox 205 2925 894 2999; baseline -0.003 -14"><span class='ocrx_word' id='word_1_170' title='bbox 205 2928 279 2999; x_wconf 81' lang='lat' dir='ltr'>Quid</span> <span class='ocrx_word' id='word_1_171' title='bbox 292 2927 385 2998; x_wconf 84' lang='lat' dir='ltr'>refert,</span> <span class='ocrx_word' id='word_1_172' title='bbox 402 2925 473 2984; x_wconf 89' lang='lat' dir='ltr'>tales</span> <span class='ocrx_word' id='word_1_173' title='bbox 487 2944 583 2983; x_wconf 89' lang='lat' dir='ltr'>versus</span> <span class='ocrx_word' id='word_1_174' title='bbox 598 2944 654 2998; x_wconf 89' lang='lat' dir='ltr'>qua</span> <span class='ocrx_word' id='word_1_175' title='bbox 667 2944 733 2982; x_wconf 91' lang='lat' dir='ltr'>voce</span> <span class='ocrx_word' id='word_1_176' title='bbox 747 2925 894 2998; x_wconf 82' lang='lat' dir='ltr'>leganturl</span> 
     </span>
    </p>
   </div>
   <div class='ocr_carea' id='block_1_4' title="bbox 206 3101 1106 3171">
    <p class='ocr_par' dir='ltr' id='par_1_25' title="bbox 206 3101 1106 3171">
     <span class='ocr_line' id='line_1_28' title="bbox 206 3101 1106 3171; baseline -0.009 -14"><span class='ocrx_word' id='word_1_177' title='bbox 206 3101 1106 3171; x_wconf 66' lang='lat' dir='ltr'>183-192.—Tbercforc&amp;spondebccoineascorcaaodpca&#39;afaltboapbm</span> 
     </span>
    </p>
   </div>
   <div class='ocr_carea' id='block_1_5' title="bbox 205 3223 903 3395">
    <p class='ocr_par' dir='ltr' id='par_1_26' title="bbox 205 3223 903 3395">
     <span class='ocr_line' id='line_1_29' title="bbox 246 3223 820 3296; baseline -0.003 -15"><span class='ocrx_word' id='word_1_178' title='bbox 246 3224 301 3282; x_wconf 83' lang='lat' dir='ltr'>Sed</span> <span class='ocrx_word' id='word_1_179' title='bbox 315 3243 388 3281; x_wconf 92' lang='lat' dir='ltr'>nunc</span> <span class='ocrx_word' id='word_1_180' title='bbox 403 3224 498 3281; x_wconf 89' lang='lat' dir='ltr'>dilatis</span> <span class='ocrx_word' id='word_1_181' title='bbox 512 3228 607 3280; x_wconf 88' lang='lat' dir='ltr'>averte</span> <span class='ocrx_word' id='word_1_182' title='bbox 622 3223 734 3296; x_wconf 82' lang='lat' dir='ltr'>negotia</span> <span class='ocrx_word' id='word_1_183' title='bbox 748 3223 820 3279; x_wconf 91' lang='lat' dir='ltr'>curis</span> 
     </span>
     <span class='ocr_line' id='line_1_30' title="bbox 205 3319 903 3395; baseline -0.006 -15"><span class='ocrx_word' id='word_1_184' title='bbox 205 3328 234 3381; x_wconf 92' lang='lat' dir='ltr'>et</span> <span class='ocrx_word' id='word_1_185' title='bbox 248 3327 358 3395; x_wconf 87' lang='lat' dir='ltr'>gratam</span> <span class='ocrx_word' id='word_1_186' title='bbox 372 3321 495 3393; x_wconf 87' lang='lat' dir='ltr'>requiem</span> <span class='ocrx_word' id='word_1_187' title='bbox 510 3320 583 3378; x_wconf 90' lang='lat' dir='ltr'>dona</span> <span class='ocrx_word' id='word_1_188' title='bbox 597 3321 659 3389; x_wconf 91' lang='lat' dir='ltr'>tibi,</span> <span class='ocrx_word' id='word_1_189' title='bbox 676 3320 788 3394; x_wconf 89' lang='lat' dir='ltr'>quando</span> <span class='ocrx_word' id='word_1_190' title='bbox 801 3319 903 3377; x_wconf 90' lang='lat' dir='ltr'>licebat</span> 
     </span>
    </p>
   </div>
   <div class='ocr_carea' id='block_1_6' title="bbox 356 3436 953 3549">
    <p class='ocr_par' dir='ltr' id='par_1_27' title="bbox 356 3436 953 3549">
     <span class='ocr_line' id='line_1_31' title="bbox 489 3436 827 3488; baseline -0.003 -12"><span class='ocrx_word' id='word_1_191' title='bbox 489 3439 526 3477; x_wconf 76' lang='grc'>163</span> <span class='ocrx_word' id='word_1_192' title='bbox 539 3436 653 3488; x_wconf 75' lang='lat' dir='ltr'>incipis..</span> <span class='ocrx_word' id='word_1_193' title='bbox 669 3437 693 3477; x_wconf 90' lang='lat' dir='ltr'>P.</span> <span class='ocrx_word' id='word_1_194' title='bbox 705 3436 799 3488; x_wconf 85' lang='lat' dir='ltr'>incipiat</span> <span class='ocrx_word' id='word_1_195' title='bbox 807 3450 827 3475; x_wconf 71' lang='lat' dir='ltr'>a.</span> 
     </span>
     <span class='ocr_line' id='line_1_32' title="bbox 356 3498 953 3549; baseline -0.007 -7"><span class='ocrx_word' id='word_1_196' title='bbox 356 3500 395 3543; x_wconf 76' lang='lat'>1⁷8</span> <span class='ocrx_word' id='word_1_197' title='bbox 408 3500 495 3542; x_wconf 73' lang='lat' dir='ltr'>sciunt</span> <span class='ocrx_word' id='word_1_198' title='bbox 502 3515 519 3543; x_wconf 77' lang='lat' dir='ltr'>e.</span> <span class='ocrx_word' id='word_1_199' title='bbox 768 3502 805 3540; x_wconf 79' lang='lat'>184</span> <span class='ocrx_word' id='word_1_200' title='bbox 817 3498 894 3540; x_wconf 75' lang='lat' dir='ltr'>licebit</span> <span class='ocrx_word' id='word_1_201' title='bbox 901 3509 922 3549; x_wconf 79' lang='lat' dir='ltr'>p.</span> <span class='ocrx_word' id='word_1_202' title='bbox 933 3511 953 3538; x_wconf 71' lang='lat' dir='ltr'>u.</span> 
     </span>
    </p>
   </div>
   <div class='ocr_carea' id='block_1_7' title="bbox 0 0 1252 3950">
    <p class='ocr_par' dir='ltr' id='par_1_28' title="bbox 0 0 1252 3950">
     <span class='ocr_line' id='line_1_33' title="bbox 0 0 1252 3950; baseline 0 0"><span class='ocrx_word' id='word_1_203' title='bbox 0 0 1252 3950; x_wconf 95' lang='lat' dir='ltr'> </span> 
     </span>
    </p>
   </div>
  </div>
 </body>
</html>
