2484 3950
192 321 224 369 52
460 315 491 367 D.
514 315 608 367 IUNII
628 314 819 365 IUVENALIS

192 460 299 517 utimur
313 460 454 533 exemplis,
470 464 503 517 ut
517 477 572 516 non
586 458 679 534 peiora
693 457 851 531 supersintl

193 558 373 632 Consumptis
387 559 485 631 opibus
499 576 601 630 vocem,
618 558 795 629 Damasippo,
812 556 909 612 locasti
966 623 969 630 Ι
1056 570 1091 620 185

192 656 299 729 sipario,
316 656 467 713 clamosum
480 674 574 729 ageres
588 662 622 712 ut
637 655 758 713 Phasma
769 653 881 711 datum

193 753 358 810 Laureolum
371 752 453 810 velox
466 753 552 810 etiam
564 753 635 810 bene
649 751 786 809 Lentulus
800 751 864 824 egit,

192 849 282 908 iudice
296 869 340 908 me
354 850 454 923 dignus
467 869 533 908 vera
546 869 632 908 cruce.
677 849 705 906 N
707 867 737 907 co
750 854 844 906 tamen
859 848 912 920 ipsi

193 948 317 1021 ignoscas
331 947 449 1020 populo:
471 948 566 1021 populi
579 948 655 1004 frons
668 947 762 1003 durior
775 945 865 1018 huius,

193 1044 241 1119 qui
255 1044 333 1102 sedet
347 1049 376 1102 et
390 1048 497 1117 spectat
511 1045 653 1102 triscurria
665 1043 851 1117 patriciorum,
1056 1068 1094 1107 ιφ

193 1141 351 1215 planipedes
364 1141 444 1198 audit
459 1141 567 1214 Fabios,
583 1141 672 1199 ridere
686 1145 779 1214 potest
795 1142 844 1214 qui

193 1256 391 1296 mameroorum
405 1238 506 1312 alapas
548 1238 653 1308 Quanti
667 1257 718 1295 sua
730 1238 828 1295 funera
841 1237 972 1308 vendant,

194 1336 261 1410 quid
274 1337 378 1395 referti
418 1336 553 1394 Vendunt
565 1337 643 1393 nullo
657 1341 771 1410 cogente
785 1336 904 1407 Nerone,

194 1453 244 1492 nec
257 1434 389 1492 dubitant
403 1434 468 1492 celsi
482 1435 616 1508 praetoris
630 1435 749 1491 vendere
762 1434 843 1493 ludis.

195 1532 281 1605 Finge
296 1537 389 1590 tamen
403 1532 509 1605 gladios
523 1532 594 1605 inde,
611 1537 696 1605 atque
709 1532 775 1588 hinc
788 1530 898 1604 pulpita
910 1531 993 1603 poni:
1058 1556 1094 1596 195

194 1630 262 1705 quid
276 1630 384 1687 satiust
423 1629 546 1686 Mortem
559 1630 599 1686 sic
613 1631 760 1703 quisquam
774 1629 924 1699 exhorruit,
940 1632 974 1685 ut
988 1628 1025 1685 sit

194 1728 336 1801 zelotypus
350 1726 505 1801 Thymeles,
522 1727 628 1799 stupidi
642 1727 745 1800 collega
760 1725 908 1784 Corinthii

196 1957 416 2009 mama-Troo
427 1961 499 2006 coarat
510 1958 539 2020 os
552 1956 598 2017 all,
612 1971 648 2005 ooo
665 1956 727 2006 hooc
746 1955 870 2005 &cahos
886 1954 1024 2017 opprooriop
1038 1968 1068 2002 oa
1078 1968 1096 2001 o

259 2037 394 2101 placitator,
408 2051 460 2099 aoy
471 2051 545 2096 more,
555 2051 584 2083 os
592 2051 610 2082 o
618 2036 747 2093 raiardus,
755 2034 918 2097 recopaiaohlc
927 2033 957 2095 hp
965 2047 1036 2094 cocry
1043 2047 1094 2081 oreo.

195 2166 252 2222 Ros
265 2165 340 2248 haud
355 2166 425 2222 mira
438 2170 540 2238 tamen,
556 2164 714 2221 citharoedo
728 2163 857 2236 principe,
873 2163 975 2219 mimus

196 2263 304 2322 nobilis.
348 2263 426 2320 Haeo
439 2263 515 2320 rdtra
529 2262 597 2335 quid
611 2262 672 2334 orit,
684 2262 739 2319 nisi
752 2261 855 2318 ludusl
895 2259 934 2317 Et
948 2260 1005 2317 illic

195 2363 314 2420 dedecus
328 2361 404 2419 urbis
418 2361 521 2419 habes:
542 2379 593 2418 nec
606 2360 790 2418 murmillonis
804 2359 834 2416 in
848 2359 940 2429 armis
1058 2386 1097 2413 ιω

196 2478 248 2517 nec
261 2459 348 2534 clipeo
362 2458 518 2516 Gracchum
532 2462 703 2530 pugnantem
717 2460 767 2513 aut
781 2455 850 2513 falce
864 2457 971 2528 supina

196 2558 321 2615 Damnat
335 2556 408 2614 enim
422 2556 493 2613 tales
506 2555 620 2612 habitus
635 2558 663 2611 ct
678 2556 793 2611 damnat
806 2557 836 2610 et
849 2553 910 2610 odit

196 2674 246 2713 nac
259 2654 338 2728 galea
351 2654 449 2711 faciem
463 2652 627 2727 abscondit3
646 2656 742 2708 movet
755 2669 816 2708 ecce
830 2650 988 2722 tridentem,

196 2757 343 2827 postquam
357 2750 459 2808 librata
472 2749 622 2823 pendentia
635 2749 707 2806 retia
720 2748 819 2805 dextra

196 2850 364 2924 nequiquam
378 2848 486 2918 effudit,
500 2846 606 2904 nudum
620 2846 657 2902 ad
670 2845 827 2919 spectacula
840 2845 952 2903 vultum
1058 2874 1083 2901 ω

196 2946 279 3020 erigit
292 2950 322 3003 et
336 2950 396 3003 tota
409 2944 483 3018 fugit
496 2943 684 3017 agnoscendus
698 2960 787 3000 arena.

197 3044 357 3116 Credamus,
374 3043 484 3101 tunicae
498 3042 532 3099 de
546 3041 672 3099 faucibus
685 3059 769 3098 aurea
782 3059 845 3098 cum
862 3059 891 3099 se

198 3142 320 3217 porrigat
334 3145 363 3198 et
377 3140 459 3213 longo
472 3140 592 3197 iactetur
605 3139 680 3212 spira
693 3138 793 3210 galero.

198 3239 272 3312 Ergo
285 3237 466 3310 ignominiam
480 3236 634 3315 grauiorem
650 3235 766 3308 pertidit
780 3237 869 3292 omni

199 3336 311 3394 vulnere
326 3352 388 3393 cum
402 3332 527 3392 Graccho
542 3333 633 3390 iussus
646 3351 769 3407 pugnare
786 3337 902 3393 secutor.

556 3461 594 3501 aas
606 3459 701 3501 edundis
711 3460 734 3500 a.
