2484 3950
205 273 236 318 20
475 267 507 317 D.
529 266 623 316 IUNII
643 266 833 316 IUVENALIS

205 415 336 485 delioiae;
357 413 456 470 viduas
471 417 583 469 tantum
598 418 746 485 spernatur
759 408 875 469 adulter.

206 512 279 582 Quid
293 512 378 568 refert
391 511 485 583 igitur,
500 510 612 581 quantis
626 510 753 567 iumenta
766 510 867 582 fatiget
1092 537 1103 572 ς

204 609 363 682 porticibus,
380 613 486 681 quanta
499 627 643 664 nemorum
656 613 784 665 vectetur
797 608 827 663 in
840 606 947 678 umbra,

204 709 299 780 iugera
312 712 380 780 quot
393 707 485 763 vicina
499 707 567 778 for0,
584 725 653 778 quas
668 707 766 763 emerit
780 706 880 762 aedesl

205 803 295 860 Nemo
309 803 399 860 malus
412 802 487 874 felix,
504 803 618 859 minime
633 808 778 875 corruptor
790 808 819 858 et
833 803 907 859 idem

204 902 333 973 incestus,
349 919 412 957 cum
426 918 481 973 quo
495 918 583 972 nuper
595 901 702 957 vittata
714 899 823 956 iacebat

204 999 337 1072 sanguine
351 998 441 1055 adhuc
455 999 520 1054 vivo
535 1003 639 1055 terram
654 998 782 1054 subitura
795 997 929 1054 sacerdos.

205 1093 260 1151 Sed
275 1111 347 1150 nunc
361 1092 395 1149 de
409 1090 490 1149 factis
504 1092 672 1149 levioribus:
694 1097 723 1148 et
737 1096 831 1148 tamen
845 1091 916 1148 alter

205 1193 229 1247 si
243 1192 353 1248 fecisset
367 1191 448 1262 idem,
465 1191 577 1247 caderet
591 1190 644 1246 sub
657 1190 747 1247 iudice
761 1209 876 1247 morum

206 1283 280 1340 Nam
294 1284 367 1356 quod
382 1289 464 1356 turpe
476 1283 556 1340 bonis
571 1283 646 1340 Titio
661 1283 786 1356 Seioque,
803 1284 919 1341 decebat

206 1382 371 1455 Crispinum.
416 1383 490 1452 Quid
504 1401 577 1454 agas,
594 1401 658 1440 cum
671 1382 733 1439 dira
746 1388 775 1440 et
789 1382 894 1439 foedior
907 1382 982 1438 omni

206 1479 319 1537 crimine
332 1498 449 1553 persona
463 1479 525 1537 esti
566 1479 688 1536 Mullum
701 1499 751 1536 sex
764 1480 877 1536 milibus
892 1481 967 1550 emit,

205 1581 372 1650 aequantem
387 1595 452 1632 sene
466 1576 579 1648 paribus
593 1578 722 1634 sestertia
736 1578 822 1650 libris,
987 1648 989 1653 .

167 1683 174 1694 '
205 1681 238 1732 ut
252 1674 400 1748 perhibent
413 1674 461 1746 qui
475 1673 510 1729 de
524 1675 632 1746 magnis
646 1675 751 1731 maiora
763 1674 922 1747 loquuntur.

207 1772 361 1831 Consilium
375 1771 459 1828 laudo
473 1771 596 1844 artificis,
612 1773 636 1829 si
651 1791 763 1830 munere
777 1779 857 1830 tanto

205 1873 379 1945 praecipuam
394 1870 423 1926 in
438 1869 543 1926 tabulis
557 1888 648 1927 ceram
662 1872 735 1927 senis
750 1871 868 1928 abstulit
882 1872 949 1928 orbi.

207 1969 259 2027 Est
273 1970 344 2026 ratio
358 1968 480 2039 ulterior,
497 1987 613 2041 magnae
628 1970 652 2026 si
666 1969 744 2026 misit
758 1970 869 2040 amicas,

206 2086 275 2140 quae
290 2067 403 2124 vehitur
416 2067 508 2123 clauso
522 2067 588 2123 latis
602 2068 790 2139 specularibus
805 2074 892 2125 antro.

207 2165 258 2222 Nil
271 2165 328 2222 tale
342 2170 500 2237 exspectes:
522 2166 590 2221 emit
603 2166 664 2224 sibi.
709 2165 802 2222 Multa
815 2166 950 2234 videmus,

206 2277 277 2331 quoe
287 2259 371 2314 miser
384 2263 413 2314 et
426 2258 500 2331 frugi
513 2277 569 2315 non
583 2259 650 2316 fecit
664 2259 786 2331 Apicius.
831 2259 893 2315 Hoc
907 2263 946 2329 tu,

208 2351 364 2408 succinctus
378 2352 470 2424 patria
484 2352 631 2424 quondam,
649 2353 783 2425 Crispino,
799 2370 903 2424 papyro

207 2450 259 2506 hoc
272 2449 361 2521 pretio
375 2450 539 2521 squamam‘l
580 2451 679 2507 Potuit
692 2451 810 2507 fortasse
823 2450 937 2506 minoris

207 2549 333 2620 piscator,
351 2565 434 2619 quam
447 2548 538 2620 piscis,
554 2549 614 2604 emi.
658 2549 804 2605 Provincia
818 2548 892 2604 tanti

207 2645 304 2703 vendit
318 2663 414 2718 agros:
436 2645 484 2702 sed
497 2647 614 2703 maiores
628 2646 734 2719 Apulia
747 2646 851 2703 vendit

208 2877 366 2939 raas-Is
378 2892 396 2924 a
406 2892 471 2924 mera
488 2875 586 2937 baffooa
601 2877 630 2938 os
644 2875 682 2923 thr
694 2875 781 2938 potura
796 2839 819 2924 c's
834 2891 860 2924 so
876 2876 1024 2938 plectionem,
1042 2876 1112 2925 111111

271 2954 339 3002 shall
355 2970 390 3002 wc
406 2959 484 3015 aspect
494 2954 566 3016 from
583 2954 621 3002 tire
639 2956 765 3016 emperor?
804 2954 890 3002 Daren
906 2955 960 3003 aad
975 2970 1024 3016 you
1041 2955 1112 3003 olralt

273 3030 340 3080 tear.

210 3150 311 3220 Quales
326 3156 392 3207 tunc
406 3151 500 3223 epulas
514 3152 606 3224 ipsum
619 3151 736 3225 glutisse
747 3157 879 3224 putamus

208 3244 437 3316 induperatorem,
454 3262 517 3300 cum
531 3249 574 3301 tot
588 3246 725 3316 sestertia,
741 3252 849 3317 partem

209 3341 337 3413 exiguam
351 3344 380 3396 et
394 3339 516 3397 modicae
531 3348 672 3414 sumptam
686 3342 721 3398 dc
735 3343 858 3414 margine
873 3360 965 3413 cenae,
1086 3372 1114 3407 30

259 3454 272 3495 9
284 3453 363 3494 vitiato
372 3454 396 3495 P.
492 3457 516 3495 25
530 3455 654 3507 pretiump.
666 3466 700 3504 ω.;
716 3467 806 3507 squame
815 3457 839 3496 P.
850 3472 871 3497 a.
883 3468 996 3507 squamam
1005 3457 1025 3498 S.
1039 3457 1109 3501 Valla„
