2484 3950
505 309 639 360 SATURA
657 310 710 360 XII
1021 315 1050 362 81

152 460 280 528 sertaque
295 454 417 512 delubris
431 460 460 512 et
474 456 548 513 farra
561 458 696 531 imponite
711 457 816 530 culnia,

151 571 183 610 ac
197 553 294 610 molles
309 559 404 611 ornate
418 555 492 612 focos
506 555 671 629 glebamque
685 557 830 613 virentem.
1028 573 1052 621 85

152 652 214 709 Iam
228 671 327 725 sequar
341 658 378 724 et,
393 672 470 710 sacro
484 653 558 727 quod
571 660 697 727 praestat
710 655 763 712 rite
777 660 895 728 peracto,

151 751 215 808 inde
230 751 343 808 domum
356 756 486 825 repetam,
503 752 617 824 graciles
632 753 681 810 ubi
695 771 782 825 parva
796 771 908 810 coronas

151 849 290 922 accipiunt
304 849 397 921 fragili
410 849 557 907 simulacra
571 851 691 908 nitentia
705 870 772 908 cera.

152 947 207 1005 Hic
221 953 347 1005 nostrum
360 948 476 1021 placabo
491 949 594 1022 Iovem,
611 950 784 1023 Laribusque
798 951 922 1023 paternis

150 1046 235 1104 thura
248 1047 327 1119 dabo,
343 1053 427 1120 atque
442 1066 537 1105 omncs
551 1047 640 1104 violae
655 1048 763 1104 iactabo
779 1047 890 1107 colores.
1027 1075 1053 1113 90

151 1143 260 1202 (lancta
276 1145 386 1219 nitent;
406 1144 502 1218 longos
517 1145 605 1202 erexit
619 1145 702 1202 ianua
716 1163 814 1218 ramos,

149 1247 179 1300 et
193 1243 341 1300 matutinis
356 1248 485 1316 operatur
498 1244 570 1301 festa
584 1242 710 1301 lucernis.

150 1472 360 1522 93·114.-·Dore't
376 1477 469 1535 craspect
485 1488 528 1535 ary
544 1475 650 1523 craticeo.
690 1473 806 1522 Oatallar
825 1473 871 1521 las
887 1472 952 1522 tlree
969 1488 1051 1536 yoaaq

213 1551 287 1610 tetro,
301 1551 354 1598 aad
370 1552 393 1598 te
404 1550 521 1613 therefore
537 1555 579 1598 aot
595 1550 674 1599 wortlt
685 1552 823 1614 Jlattertaq.
857 1551 889 1613 If
901 1553 922 1599 a
932 1551 985 1599 lead
996 1552 1051 1600 teca

215 1629 323 1677 Gallitta
335 1645 363 1678 or
373 1630 478 1677 Paratae
488 1630 542 1677 caleo
551 1644 612 1677 were
624 1632 653 1678 ta
664 1630 764 1691 cleopa,
776 1635 818 1679 reat
829 1645 887 1678 evea
895 1645 930 1678 aa
939 1629 1050 1692 elephant

213 1707 297 1755 wazela
310 1706 371 1754 lace
383 1706 439 1754 laea
450 1710 487 1754 too
497 1706 623 1769 coatlyser
634 1705 673 1755 tlte
685 1705 880 1768 lapara-laamas
890 1707 918 1769 is
925 1707 984 1769 only
994 1706 1051 1769 ttey

213 1785 286 1832 acatal
296 1783 358 1831 lace
368 1788 407 1845 pot
418 1798 468 1832 aare.

189 1930 248 1988 Nec
262 1936 390 2004 suspecta
404 1930 456 1988 tibi
470 1931 528 1988 sint
541 1930 616 2002 haec,
635 1929 769 1990 Corvino:
793 1930 928 2003 Catullus,

147 2047 196 2101 pro
211 2030 288 2086 cuius
302 2030 394 2086 reditu
410 2034 454 2085 tot
468 2047 539 2101 pono
553 2029 662 2102 altaria,
678 2047 777 2103 parvos

147 2132 204 2183 tres
218 2125 304 2183 habet
318 2127 438 2185 heredes.
482 2125 566 2183 Libet
580 2131 745 2200 exspectare,
763 2127 825 2199 quis
839 2145 948 2199 aegram
1024 2153 1048 2193 9⁵

147 2229 176 2280 et
190 2222 365 2281 claudentem
379 2223 471 2281 oculos
485 2223 617 2296 gallinam
632 2223 776 2297 impendat
793 2224 880 2283 amico

147 2326 206 2377 tarn
220 2320 316 2379 sterili.
359 2320 465 2378 Verum
479 2321 546 2378 haec
557 2321 644 2377 nimia
656 2322 851 2394 estimpensa:
873 2321 999 2378 coturnix

146 2420 225 2477 nulla
238 2439 371 2493 umquam
385 2439 435 2493 pro
449 2425 528 2493 patre
543 2420 631 2478 cadet.
675 2419 784 2477 Sentire
799 2419 917 2477 calorem

146 2518 171 2574 si
185 2519 275 2590 coepit
288 2508 410 2591 locuples
424 2516 545 2575 Gallitta
559 2523 588 2575 at
602 2517 718 2574 Paccius
732 2516 799 2586 orbi,
897 2549 899 2552 -

146 2614 270 2687 legitime
284 2615 347 2671 fixis
361 2616 480 2672 vestitur
494 2620 556 2672 tota
570 2615 680 2672 tabellis

146 2714 286 2787 porticus3
307 2715 445 2771 exsistunt
459 2715 507 2787 qui
521 2715 688 2787 promittant
702 2713 890 2786 hecatomben,

146 2816 284 2884 quatenus
298 2812 343 2868 hic
357 2830 412 2868 non
426 2817 492 2868 sunt
506 2830 556 2868 nec
570 2811 680 2868 venales
695 2810 843 2883 elephanti,

146 2927 196 2966 nec
210 2908 300 2982 Latio,
316 2912 366 2966 aut
380 2928 497 2982 usquam
511 2909 563 2966 sub
578 2914 673 2966 nostro
687 2908 775 2965 sidere
790 2907 855 2965 talis

145 3005 239 3063 bellua
253 3008 423 3080 concipitur:
445 3006 493 3064 sed
507 3007 585 3063 fulva
598 3010 681 3079 gente
694 3006 784 3079 petita

146 3104 289 3161 arboribus
304 3104 418 3161 Rutulis
432 3110 461 3161 et
475 3104 562 3160 Turni
575 3104 698 3186 pascitur
711 3121 784 3175 agro,

145 3201 271 3260 (lassaris
285 3207 450 3274 armentum,
466 3202 537 3258 nulli
551 3202 653 3258 servire
667 3205 796 3273 paratum

144 3300 271 3372 privato:
292 3299 430 3372 siquidem
444 3298 527 3370 Tyrio
540 3317 635 3371 parere
649 3298 776 3355 solebant

145 3397 307 3469 Hannibali,
323 3402 352 3454 et
366 3398 468 3455 nostris
482 3397 605 3469 ducibus,
623 3398 734 3470 regique
752 3395 881 3466 Molosso,

143 3493 243 3552 harum
257 3496 381 3570 maiores,
397 3514 429 3553 ac
443 3496 524 3555 dorso
538 3497 607 3556 ferre
622 3496 755 3568 cohortes,

559 3631 561 3635 ⁴
587 3625 607 3666 G
