2484 3950
200 212 231 259 10
473 208 505 257 D.
526 202 829 258 IUNII'IUVENALIS

199 359 310 411 aestuat
323 353 438 412 occultis
452 354 561 409 animus
575 371 736 425 semperque
751 352 895 409 urendisl
1076 379 1101 415 50

199 451 250 507 Nil
266 451 318 508 tibi
331 470 360 508 se
374 452 472 509 debere
486 456 576 524 putat,
592 452 634 507 nil
647 452 769 508 conferet
782 468 913 522 unquam,

199 549 360 621 participem
374 550 423 621 qui
437 554 465 606 te
479 550 577 606 secreti
591 549 658 605 fecit
671 549 797 606 honesti:
818 616 820 619 v

199 664 277 702 carus
291 646 344 702 erit
358 645 447 717 Verri,
464 647 513 718 qui
526 645 643 703 Verrem
658 652 788 718 tempore,
805 664 860 718 quo
874 646 944 715 vult,

198 761 324 800 accusare
338 748 437 816 potest.
483 744 569 800 Tanti
582 744 637 800 tibi
650 761 706 800 non
719 744 758 800 sit
772 742 850 815 opaci

198 841 287 896 omnis
301 858 384 897 arena
398 840 467 913 Tagi
481 841 609 913 quodque
623 842 653 897 in
667 858 742 897 mare
756 839 880 897 volvitur
893 858 1001 909 aurum,
1075 867 1099 904 55

198 943 231 994 ut
244 955 340 994 somno
354 955 446 995 careas
459 938 640 1010 ponendaque
653 938 777 1009 praemia
790 955 883 994 sumas

198 1035 287 1091 tristis
302 1040 331 1092 et
344 1053 362 1091 a
375 1054 475 1107 magno
490 1053 597 1108 semper
611 1036 736 1093 timearis
750 1036 845 1094 amico.

198 1267 356 1315 talou-I
373 1272 461 1315 cannot
484 1267 576 1316 cadara
598 1282 615 1314 a
637 1267 714 1315 Greek
732 1267 825 1324 Reum
847 1266 901 1314 aad
922 1281 977 1313 που]
999 1279 1034 1312 wa
1056 1280 1100 1311 are

261 1343 359 1392 hartled
375 1349 418 1393 out
428 1346 458 1407 of
473 1344 614 1406 cmopthiap
632 1345 662 1406 by
680 1344 775 1402 Grata,
797 1344 851 1390 roho
870 1357 914 1390 arc
930 1358 956 1391 eo
974 1342 1095 1399 versatile,

256 1421 395 1483 fiattcriuq,
409 1422 462 1470 aad
474 1421 644 1483 hypocriticcl,
658 1422 711 1470 abac
722 1436 765 1481 coe,
779 1420 833 1469 who
845 1420 922 1470 eloim
932 1424 956 1468 to
972 1420 997 1468 be
1008 1419 1097 1476 huual,

261 1498 323 1547 hooc
333 1514 365 1546 uo
376 1498 464 1548 charam
475 1500 575 1561 opalust
587 1499 658 1547 thera.

239 1620 316 1688 Quae
330 1636 403 1675 nunc
416 1618 552 1676 divitibus
566 1637 633 1691 gens
647 1619 839 1692 acceptissima
852 1620 954 1676 nostris

198 1724 227 1775 et
241 1737 309 1790 quos
324 1718 470 1790 praecipue
484 1718 598 1790 fugiam,
614 1719 766 1792 properabo
780 1718 869 1791 fateri,

197 1833 246 1871 nec
261 1815 349 1889 pudor
362 1814 494 1872 obstabit.
539 1816 603 1872 Non
618 1834 731 1888 possum
745 1816 824 1887 ferre,
843 1816 974 1886 Quirites,
1073 1833 1098 1870 σο

197 1912 330 1971 Graecam
346 1912 459 1970 urbem:
482 1914 609 1987 quamvis
624 1919 710 1986 quota
723 1914 813 1987 portio
827 1913 910 1970 faecis
924 1912 1048 1970 Achaeil

197 2010 378 2084 Iampridem
394 2011 480 2083 Syrus
494 2013 523 2068 in
538 2012 661 2069 Tiberim
675 2012 792 2069 defluxit
807 2011 933 2069 Orontes.

197 2108 329 2165 Rusticus
343 2108 390 2165 ille
404 2114 470 2166 tuus
485 2110 572 2166 sumit
587 2109 774 2183 trechedipna,
792 2108 915 2179 Quirine,
1073 2126 1098 2174 ⁶7

196 2211 225 2261 et
239 2205 402 2262 ceromatico
416 2206 472 2262 fert
487 2207 618 2264 niceteria
633 2205 710 2265 collo.

197 2302 252 2358 Hic
266 2301 325 2358 alta
339 2302 463 2377 Sicyone,
480 2309 524 2360 ast
537 2304 583 2361 hic
597 2304 744 2376 Amydone
757 2303 862 2375 relicta,

196 2400 241 2457 hio
254 2401 358 2474 Andro,
374 2401 421 2457 ille
436 2401 529 2470 Samo,
545 2402 590 2459 hio
604 2402 744 2459 Trallibus
758 2409 808 2460 aut
822 2401 984 2473 Alabandis,
1073 2431 1098 2467 70

197 2497 336 2570 Esquilias
350 2497 509 2570 dictumque
524 2504 624 2571 petunt
637 2519 654 2556 a
667 2500 770 2557 vimine
784 2498 889 2570 collem,
982 2506 986 2511 ’

195 2597 300 2652 viscera
312 2614 475 2669 magnarum
489 2597 621 2655 domuum
637 2599 795 2672 dominique
809 2598 906 2656 futuri.

195 2692 342 2764 Ingenium
356 2694 444 2764 velox,
460 2694 575 2751 audacia
589 2695 706 2767 perdita,
723 2715 812 2753 sermo

127 2782 129 2787 ’
195 2773 338 2864 promptus
353 2796 382 2848 et
396 2791 475 2848 Isaeo
490 2792 645 2849 torrentior.
690 2792 756 2865 Ede,
773 2793 840 2866 quid
854 2792 933 2849 illum

195 2905 254 2944 esse
268 2888 368 2960 puteal
388 2906 470 2962 quern
485 2889 528 2945 vis
542 2888 683 2947 hominem
697 2908 789 2947 secum
804 2890 904 2947 attulit
918 2891 953 2947 ad
968 2909 1036 2946 nos:
1072 2917 1096 2955 7⁵

194 2986 399 3057 grammaticus,
416 2986 518 3056 rhetor,
534 2993 696 3060 geometres,
713 2989 809 3061 pictor,
826 2988 934 3061 aliptes,

194 3099 290 3154 augur,
306 3081 512 3155 schoenobates,
528 3084 661 3158 medicus,
677 3102 791 3156 magus:
814 3085 907 3140 omnia
920 3084 1000 3140 novit

195 3176 346 3235 Graeculus
361 3179 500 3253 esuriens,
521 3181 550 3237 in
565 3180 680 3254 caelum,
697 3181 815 3253 iusseris,
831 3181 893 3237 ibit.

542 3312 565 3349 dl
581 3310 679 3349 Achaeae
689 3309 713 3349 P.
724 3308 751 3348 A.

424 3373 450 3415 ts
462 3373 551 3414 iusseris
561 3374 585 3414 P.
596 3389 616 3415 a.
632 3374 717 3415 miseria
726 3374 752 3414 A.
763 3385 823 3415 ινιιεα
830 3374 854 3413 Ρ.
