2484 3950
486 364 621 416 sardan
640 365 682 414 III
1003 364 1032 412 11

135 511 171 568 In
184 530 301 583 summa,
317 530 372 568 non
387 512 503 569 Maurus
517 517 577 570 erat
590 530 679 585 neque
694 512 823 569 Sarmata
836 530 886 569 nec
900 511 1001 581 Thrax,

135 608 183 681 qui
198 609 317 681 sumpsit
331 609 437 682 pinnas,
454 610 552 666 mediis
566 610 615 666 sed
630 615 713 666 natus
727 609 855 666 Athenis.
1010 625 1035 663 ao

135 707 246 762 Horum
260 725 310 779 ego
323 725 378 764 non
392 707 496 779 fugiam
511 707 673 779 conchylial
692 726 737 765 me
750 708 825 780 prior
838 707 885 764 illc

134 803 276 876 signabitl
296 804 438 877 fultusque
452 809 513 861 toro
527 805 638 862 meliore
652 805 793 862 recumbet

134 899 268 957 advectus
282 900 407 973 Romam,
424 920 479 975 quo
492 920 582 975 pruna
595 908 624 959 et
638 908 752 960 cottana
765 903 868 960 ventol

135 997 233 1070 Usque
247 997 315 1054 adeo
328 998 398 1055 nihil
412 1005 462 1070 est,
479 1000 552 1072 quod
566 1005 662 1057 nostra
675 1000 794 1056 infantia
807 999 913 1056 eaelum

134 1095 229 1153 hausit
243 1098 385 1167 Aventini,
401 1097 485 1154 bacca
498 1098 606 1154 nutrita
621 1097 745 1155 Sabinal
1009 1115 1033 1164 8⁵

135 1193 210 1263 Quid
224 1194 298 1267 quod
311 1194 444 1251 adulandi
457 1213 524 1267 gens
538 1195 754 1268 prudentissima
766 1194 864 1251 laudat

134 1309 287 1348 sermonem
302 1292 416 1361 indocti,
430 1292 529 1348 faciem
543 1292 674 1349 deformis
687 1292 776 1362 amici,

134 1394 164 1445 et
178 1389 291 1462 longum
305 1389 422 1446 invalidi
436 1389 538 1447 collum
552 1390 704 1447 cervicibus
717 1394 819 1462 aequat

135 1486 273 1557 Herculis,
289 1487 430 1545 Antaeum
444 1487 539 1559 procul
552 1505 570 1543 a
584 1487 682 1544 tellure
696 1487 826 1557 tenentis,

27 1644 28 1649 χ
134 1584 253 1641 miratur
266 1603 361 1641 vocem
375 1589 531 1656 angustam,
548 1603 603 1656 qua
617 1585 803 1645 deteriusnec
1008 1612 1034 1651 90

27 1734 28 1741 ,
135 1680 182 1738 1111
196 1687 285 1752 sonat,
301 1700 356 1755 quo
369 1682 512 1740 mordetur
525 1682 629 1755 gallina
643 1683 764 1739 maritol

135 1779 214 1836 Haec
227 1779 323 1836 cadem
337 1780 402 1837 licet
416 1784 445 1836 et
458 1779 538 1837 nobis
552 1778 682 1838 laudare:
703 1780 752 1836 sed
765 1779 822 1836 illis

135 1876 263 1934 creditur.
307 1878 353 1933 An
367 1877 471 1949 melior,
488 1896 551 1934 cum
566 1876 674 1934 Thaida
687 1878 814 1948 sustinet,
831 1881 880 1932 aut
895 1895 958 1933 cum

134 1994 248 2034 uxorem
262 1976 407 2033 comoedus
420 1977 480 2049 agit
494 1975 539 2033 vel
553 1976 660 2032 Dorida
673 1975 750 2032 nullo

135 2073 239 2131 cultam
253 2073 385 2147 palliolol
425 2073 530 2130 Mulier
542 2091 641 2145 nempe
655 2073 716 2145 ipsa
729 2073 847 2130 videtur.
1008 2100 1033 2139 95

134 2169 195 2227 Nec
209 2175 303 2228 tamen
317 2170 480 2242 Antiochus,
496 2188 546 2227 nec
560 2170 613 2227 erit
627 2170 762 2226 mirabilis
776 2168 832 2226 illic

133 2273 184 2324 aut
199 2268 350 2325 Stratocles
364 2272 414 2325 aut
428 2286 491 2324 cum
505 2268 582 2324 molli
593 2268 754 2324 Demetrius
769 2267 895 2326 Haemo:

133 2366 211 2422 natio
225 2365 355 2423 comoeda
368 2371 417 2423 est
462 2366 556 2438 Rides,
573 2365 677 2422 maiore
690 2365 822 2422 cachinno

134 2464 310 2535 concutitur,
331 2464 387 2535 flet,
404 2464 428 2520 si
441 2463 568 2520 lacrimas
582 2464 725 2536 conspexit
739 2464 827 2534 amici,

133 2579 184 2618 nec
199 2561 291 2632 dolet,
312 2560 465 2633 igniculum
478 2560 592 2617 brumae
607 2561 632 2616 si
646 2566 769 2633 tempore
783 2580 886 2633 poscae,

133 2659 234 2730 accipit
248 2659 455 2730 endromidem,
476 2659 500 2714 si
514 2658 624 2729 dixeris,
643 2662 651 2689 ‘
659 2658 772 2726 aestuc,'
787 2658 878 2717 sudat.

133 2753 163 2810 N
165 2772 200 2809 on
214 2773 309 2810 sumus
323 2772 387 2825 ergo
400 2772 487 2827 pares,
502 2754 600 2810 melior
613 2755 661 2826 qui
675 2772 782 2826 semper
796 2758 824 2810 ct
839 2753 914 2809 omni

133 2856 214 2908 nocte
228 2851 327 2923 dieque
341 2856 434 2923 potest
448 2851 539 2907 aliena
552 2869 660 2907 sumere
674 2851 785 2908 vultum
998 2880 1034 2917 ως

132 2967 151 3004 1
164 2947 240 3018 facie,
257 2949 359 3005 iactare
373 2966 480 3018 manus,
496 2947 609 3004 laudare
623 2954 743 3020 paratus

133 3137 301 3186 114-125.-J
308 3137 388 3198 miplat
399 3138 442 3187 1111
453 3140 482 3200 of
489 3138 715 3186 1111111111111111
726 3137 895 3200 (1111111111.
934 3138 1034 3199 0111111

197 3214 262 3263 there
279 3216 303 3264 c'o
319 3231 351 3264 ao
368 3230 436 3264 roem
445 3218 493 3279 for
503 3231 520 3264 a
536 3217 636 3264 Roman
651 3215 714 3274 11111,
727 3215 798 3264 when
814 3214 856 3263 old
872 3215 958 3264 1111111
973 3216 1035 3265 lecca

197 3297 220 3341 to
232 3294 285 3354 pice
295 3308 352 3354 way
363 3297 386 3341 1ο
397 3294 459 3343 illese
470 3294 621 3354 intcrlopcrs.

173 3410 212 3466 Et
225 3409 356 3481 quoniam
370 3412 459 3483 coepit
474 3410 642 3467 Graecorum
656 3410 767 3481 mentio,
784 3410 872 3467 transi

374 3516 398 3560 79
411 3517 436 3558 ln
448 3529 533 3559 summa
542 3519 565 3558 P.
577 3517 603 3557 A.
618 3517 646 3557 ad
656 3528 791 3558 summania.
