2484 3950
198 274 244 322 106
464 272 495 323 D.
516 273 610 324 IUNII
630 272 820 325 IUVENALIS

196 415 225 472 iu
239 422 376 489 quantum
390 416 452 473 sitis
466 421 549 489 atque
564 416 651 473 fames
666 423 694 473 et
708 416 810 490 frigora
824 425 948 491 poscunt,

197 519 341 587 quantum,
358 514 484 587 Epicure,
501 514 554 571 tibi
568 515 662 587 parvis
676 515 785 572 suffecit
798 517 827 572 in
841 516 937 588 hortis,

198 618 333 685 quantum
349 613 482 670 Socratici
496 617 628 686 oeperunt
642 618 707 671 ante
721 618 843 687 penates.
1060 645 1099 682 320

198 710 360 782 Numquam
374 709 450 766 aliud
465 710 582 781 Natura,
598 710 676 767 aliud
690 710 835 784 Sapientia
847 712 922 771 dicit.

238 807 357 863 Acribus
371 807 503 880 exemplis
517 807 613 865 videor
626 815 655 864 te
669 807 816 868 clauderei
857 809 945 866 Misce

198 924 262 979 ergo
276 905 381 979 aliquid
395 906 498 963 nostris
511 906 546 963 de
560 906 702 965 moribus:
724 907 799 964 effice
816 926 961 979 summam,

197 1004 241 1062 bis
255 1009 362 1076 septem
375 1004 519 1061 ordinibus
534 1023 617 1077 quam
631 1005 676 1061 lox
690 1004 822 1077 dignatur
836 1006 963 1063 Othonis.

199 1102 277 1158 Haec
290 1120 398 1174 quoque
412 1102 436 1157 si
450 1120 547 1174 rugam
561 1101 650 1159 trahit
665 1102 845 1175 extenditque
859 1102 999 1172 labellum,
1062 1129 1099 1168 32⁵

198 1216 276 1255 sume
290 1197 359 1254 duos
373 1199 486 1271 equites,
504 1199 547 1255 fac
561 1198 646 1255 tertia
660 1198 868 1272 quadringente

199 1294 230 1352 si
244 1294 366 1351 nondum
380 1294 494 1366 implevi
507 1296 651 1367 gremium,
668 1296 692 1350 si
705 1295 839 1368 panditur
853 1294 935 1366 ultra,

199 1406 249 1445 nec
264 1387 358 1444 Croesi
372 1388 485 1444 fortuna
498 1406 640 1461 umquam,
654 1406 704 1444 nec
719 1387 829 1445 Persica
843 1406 927 1459 regna

199 1485 336 1542 sufficient
350 1485 450 1556 animo,
466 1502 516 1541 nec
531 1484 646 1542 divitiae
661 1485 792 1555 Narcissi,

199 1583 316 1639 indulsit
330 1581 432 1638 Caesar
446 1581 490 1638 cui
506 1580 639 1638 Claudius
655 1581 755 1651 omnic,
769 1582 847 1638 ouius
1063 1610 1100 1646 330

198 1681 292 1754 paruit
306 1679 436 1752 imperiis,
449 1695 563 1735 uxorem
578 1677 699 1735 occidere
713 1679 811 1735 iussus.

534 2006 692 2064 SATURA
712 2005 769 2063 XV

200 2191 286 2238 1-s,-
294 2189 355 2240 Wro
366 2191 421 2238 does
431 2194 472 2237 not
485 2189 558 2237 tuoto
569 2190 598 2251 os
608 2187 648 2236 the
658 2188 829 2251 superstitious
840 2188 869 2249 os
879 2186 960 2248 Epypt
967 2203 976 2236 .·
992 2187 1046 2235 bow
1057 2202 1099 2235 one

260 2273 321 2330 port
337 2267 456 2328 worships
473 2267 511 2314 the
527 2266 651 2326 crocodilo,
666 2265 769 2314 anuto
788 2265 827 2313 the
845 2264 893 2312 ibis
909 2279 937 2312 or
953 2266 991 2313 tte
1005 2280 1057 2326 ope,
1072 2280 1101 2313 or

264 2346 303 2394 the
314 2345 360 2407 ἆορ
371 2361 399 2393 or
410 2345 449 2392 ibe
460 2347 516 2393 cot?

201 2477 277 2547 Qurs
291 2478 386 2548 nescit,
403 2477 501 2533 Volusi
516 2476 672 2548 Bithynice,
688 2475 782 2549 qualia
795 2475 908 2532 demens

200 2576 345 2647 Aegyptus
359 2579 490 2647 portenta
503 2572 595 2631 colati
637 2573 800 2630 Crocodilon
815 2572 912 2628 adorat

199 2690 263 2745 pars
277 2671 363 2745 haec,
383 2671 433 2727 ills
446 2676 531 2744 pavet
545 2676 670 2728 saturam
684 2669 859 2743 serpentibus
873 2669 939 2726 ibin.

200 2768 312 2840 Effigies
326 2769 396 2825 sacri
410 2769 483 2824 nitet
498 2785 582 2824 aurea
595 2767 784 2838 cercopitheci,

200 2866 315 2924 dimidio
329 2866 451 2939 magicae
465 2869 596 2922 resonant
610 2865 659 2921 ubi
674 2865 822 2922 Memnone
837 2863 962 2934 chordae,
1089 2891 1100 2929 5

200 2969 283 3038 atque
298 2968 380 3020 vetus
394 2962 488 3019 Thebe
503 2968 614 3019 centum
629 2963 701 3018 iacet
715 2961 816 3017 obruto
828 2960 924 3033 portis.

201 3060 264 3117 Illic
277 3060 392 3130 aeluros,
408 3059 453 3116 hic
467 3060 569 3131 piscem
584 3058 715 3128 fluminis,
731 3056 788 3113 illic

201 3157 302 3231 oppida
315 3162 377 3213 tota
390 3174 485 3212 canem
499 3161 676 3227 venerantur,
692 3173 773 3211 nemo
787 3154 916 3211 Dianam.

339 3288 351 3325 5
365 3285 481 3325 Memnona
490 3285 512 3325 Β.
650 3284 661 3324 7
674 3283 774 3325 oeruleos
783 3283 807 3323 P.
819 3282 930 3323 caeruleos
940 3297 960 3321 ω.
