2484 3950
485 310 620 361 SATURA
638 310 705 361 VIII
1008 316 1038 363 51

143 488 291 540 163·178.-
298 491 369 552 Well,
382 507 446 540 sonw
462 506 506 540 one
522 506 582 553 laoy
598 506 651 553 aoy,
665 508 701 541 we
717 493 755 541 all
771 493 817 541 olid
834 493 872 541 tlte
888 508 955 541 sonae
970 492 1041 540 when

206 584 295 631 youoq.
337 569 363 618 Y
360 584 391 629 ec,
403 570 445 618 bot
455 570 598 618 Lateranas
608 572 632 618 ia
643 571 673 632 of
679 584 715 618 aa
725 585 769 633 eqo
780 575 804 618 to
814 585 879 619 seruc
890 569 931 618 to
938 575 1040 632 mauley

206 648 260 694 aad
276 646 316 695 lora
326 662 435 709 emperor
445 663 477 695 on
492 647 531 696 tlte
541 649 673 711 secretiora,
687 648 740 696 aad
756 653 795 710 yet
806 650 834 712 if
847 648 939 697 Caesar
949 647 1041 696 wama

206 729 230 773 to
240 725 299 772 sord
309 725 363 773 tim
375 725 446 784 there,
459 725 488 774 loo
501 730 568 774 meost
584 725 638 774 leole
642 726 690 787 sor
700 725 755 774 leem
770 727 801 774 io
814 740 832 773 o
842 725 967 788 wok-stop
980 725 1042 774 willo

206 801 245 850 coo
257 802 336 850 loeoest
348 803 377 865 of
383 802 422 851 lloc
434 803 486 852 loro.

183 906 318 963 Defensor
331 905 427 980 culpae
441 907 514 964 dicet
528 907 606 981 mihi,
625 911 642 938 “
651 909 765 965 fecimus
779 914 808 965 et
822 927 872 965 nos

142 1003 210 1060 haec
223 1003 361 1061 iuvenes.”
403 1003 491 1079 Est03
512 1005 609 1063 desisti
623 1023 730 1079 nempe,
746 1024 796 1063 nec
810 1005 885 1063 ultra

141 1103 237 1161 fovisti
251 1122 377 1162 errorem.
422 1103 510 1161 Breve
524 1104 571 1174 sit,
585 1104 660 1177 quod
674 1105 793 1176 turpIter
806 1104 909 1176 audes3
1006 1122 1041 1168 1⁶5

141 1200 277 1272 quaedam
291 1219 354 1258 cum
368 1202 457 1275 prima
470 1207 628 1259 resecentur
642 1202 757 1259 erimina
770 1200 876 1276 barba5

141 1297 254 1371 indulge
267 1299 377 1355 veniam
392 1292 501 1372 pueris:
523 1299 678 1356 Lateranus
692 1299 728 1356 ad
742 1299 804 1356 illos

142 1396 313 1454 thermarum
327 1397 424 1455 calices
438 1398 626 1471 inscriptaque
640 1397 727 1455 lintea
740 1398 827 1468 vadit,

141 1500 268 1551 maturus
281 1495 362 1568 bello,
379 1494 528 1552 Armeniae
543 1495 693 1569 Syriaeque
708 1495 819 1553 tuendis

141 1592 269 1650 amnibus
283 1597 312 1649 et
327 1591 425 1650 Rheno
438 1599 523 1666 atque
537 1593 630 1667 Istr03
650 1599 789 1667 praestare
803 1592 943 1651 Neronem
1006 1621 1042 1658 170

141 1710 268 1749 securum
281 1691 357 1749 valet
371 1692 439 1749 haec
452 1697 536 1751 aetas.
580 1691 666 1749 Mitte
681 1693 768 1764 Ostia,
786 1691 894 1763 Caesar,

141 1790 241 1848 mitte:
262 1790 311 1847 scd
325 1790 354 1846 in
368 1808 469 1863 magna
482 1789 605 1863 legatum
619 1808 719 1863 quaere
733 1790 851 1863 popina;

141 1887 265 1944 iuvenies
278 1887 371 1961 aliquo
385 1907 448 1944 cum
462 1906 619 1962 permissere
633 1889 776 1960 iacentem,

141 1985 310 2058 permixtum
324 1987 417 2044 nautis
430 1992 460 2044 et
473 1986 580 2043 furibus
594 1986 773 2059 aufugimus,
860 2055 865 2065 ι

141 2083 215 2141 inter
229 2084 368 2141 carnifices
382 2089 411 2141 et
425 2084 517 2141 fabros
531 2083 737 2156 sandapilarum

141 2187 170 2238 et
184 2182 336 2254 resupinati
350 2182 487 2238 cessantia
500 2187 635 2255 tympana
648 2181 731 2240 Galli.

141 2263 240 2352 Aequa
253 2280 293 2336 ibi
306 2280 428 2352 libertas,
446 2281 601 2337 communia
615 2279 719 2352 pocula
735 2279 824 2337 lectus

141 2396 196 2434 non
210 2377 281 2434 alius
296 2378 432 2451 cuiquam,
449 2396 499 2435 nec
512 2396 608 2435 mensa
621 2377 752 2435 remotior
765 2377 824 2436 ulli.

143 2534 325 2598 melsa-Is
332 2550 376 2583 orm
387 2536 416 2597 os
426 2550 490 2596 your
500 2534 580 2583 choos
590 2533 695 2582 behaved
705 2548 739 2592 so,
753 2548 803 2595 you
814 2533 898 2582 would
913 2533 973 2581 send
987 2533 1042 2582 him

206 2617 233 2660 ol
245 2628 300 2661 once
312 2616 335 2661 lo
347 2613 386 2661 lto
397 2613 510 2675 erqostul
530 2649 536 2662 ,

142 2716 217 2786 Quid
230 2716 315 2773 facias
331 2716 416 2774 talem
430 2717 553 2789 sortitus
570 2717 694 2787 Pontice,
710 2717 840 2774 servuml

142 2814 250 2887 Nempe
264 2815 294 2871 in
308 2815 433 2872 Lucanos
448 2819 497 2871 aut
512 2815 601 2871 Tusca
615 2814 754 2887 ergastula
767 2815 871 2871 mittas.
1006 2831 1043 2870 180

141 2910 253 2983 Alvos,
270 2911 447 2984 Troiugenae,
463 2910 542 2968 vobis
556 2912 706 2984 Ignoscitis,
723 2915 752 2968 et
766 2929 836 2983 quae

142 3008 235 3080 turpia
250 3007 376 3080 Cerdoni,
393 3007 508 3065 Volesos
523 3007 697 3080 Brutumque
711 3008 855 3065 decebunt.

144 3159 367 3211 melan-Tmo
378 3161 456 3222 aquic
468 3175 525 3222 you,
539 3160 722 3220 Demomppus,
736 3159 879 3207 conderem
890 3163 913 3206 tc
925 3164 964 3207 oet
979 3159 1041 3207 “tlte

207 3238 302 3288 (ΜΝ
321 3241 351 3288 ia
370 3239 408 3287 llio
426 3240 502 3288 minoe
518 3240 548 3301 os
566 3238 683 3288 Catullus
689 3255 700 3296 ;
723 3239 777 3285 arod
797 3237 835 3286 tto
850 3238 941 3299 poculo,
961 3237 1042 3286 what

206 3316 296 3365 comolet
308 3315 381 3365 bloet
386 3318 432 3378 for
447 3331 504 3378 you,
518 3316 652 3378 applaudo.
690 3311 782 3377 Suroly
792 3315 867 3364 dealt
877 3330 939 3364 were
946 3316 1041 3377 erasm

205 3394 261 3442 oble
271 3398 295 3442 to
306 3392 366 3441 saeclo
376 3393 488 3453 elisorum
496 3397 507 3442 !

142 3499 223 3571 Quid,
241 3498 264 3555 si
278 3515 431 3570 numquam
444 3498 513 3555 adeo
526 3498 613 3555 foedis
627 3497 749 3571 adeoque
763 3497 899 3571 pudendis
