2484 3950
206 269 237 316 18
476 265 507 315 D.
529 265 623 316 IUNII
644 265 835 315 IUVENALIS

205 416 355 472 intestatus
369 433 415 472 eas
429 437 435 472 :
457 415 526 472 adeo
540 421 585 471 tot
598 415 665 486 fata,
682 420 751 487 quot
764 415 813 470 illa

204 517 285 569 nocte
298 518 398 585 patent
411 513 517 584 vigiles,
534 519 563 569 te
576 518 778 585 praetereunte,
795 511 932 569 fenestrae
936 529 946 581 ς
1068 536 1102 575 27⁵

204 616 268 682 erg'o
282 615 361 682 optes
375 614 526 682 votumque
541 611 613 667 feras
627 609 784 666 miserabile
798 615 898 679 tecum,

204 713 238 764 ut
252 709 309 765 sint
323 713 468 765 contentae
482 708 592 780 patulus
607 707 758 765 defundere
771 707 872 779 pelves.

205 971 497 1024 278·322.-Dnmlcea
512 972 626 1022 recellere
642 977 679 1021 too
695 973 748 1021 aad
766 971 957 1022 aomtbcccklers
972 986 1016 1020 are
1034 976 1057 1020 to
1080 971 1104 1020 be

268 1055 316 1099 met
327 1051 397 1111 wira,
410 1066 440 1098 aa
450 1051 506 1099 well
517 1067 546 1099 aa
556 1052 651 1100 robbers
661 1050 841 1113 andfootpada.

246 1191 347 1248 Ebrius
362 1209 393 1249 ac
407 1192 544 1265 petulans,
560 1194 609 1265 qui
623 1192 731 1249 nullum
745 1194 817 1250 forte
831 1192 938 1262 cecidit,

204 1288 255 1345 dat
268 1306 377 1362 poenas,
393 1295 502 1346 noctem
517 1290 625 1362 patitur
638 1290 759 1362 lugentis
774 1291 893 1347 amicum

205 1384 326 1457 Pelidae,
342 1386 427 1442 cubat
440 1387 469 1441 in
483 1385 589 1457 faciem,
606 1405 671 1443 mox
681 1387 781 1444 deinde
795 1388 917 1460 supinus.

205 1482 279 1555 Ergo
293 1501 349 1539 non
363 1483 446 1540 aliter
459 1483 564 1555 poterit
577 1483 704 1541 dormire.
749 1483 922 1554 Quibusdam

204 1599 331 1637 somnum
346 1581 406 1637 rixa
419 1581 505 1639 facit:
526 1580 583 1652 sed,
599 1582 727 1653 quamvis
741 1582 883 1654 improbus
896 1583 976 1638 annis

204 1684 288 1751 atque
302 1696 377 1735 mero
391 1678 509 1752 fervens,
524 1683 605 1735 cavet
619 1679 701 1747 hunc,
716 1697 798 1751 quem
813 1679 921 1736 coccina
934 1679 1014 1735 laena

204 1777 288 1833 vitari
302 1776 380 1833 iubet
394 1780 423 1832 et
437 1777 571 1833 comitum
584 1775 762 1848 longissimus
776 1778 850 1848 ordo,

204 1873 325 1930 multum
339 1879 481 1947 praeterea
494 1875 670 1931 flammarum
684 1879 713 1931 et
727 1893 813 1931 aenea
825 1874 939 1948 lampas.

204 1970 260 2044 Me,
277 1990 359 2044 quem
372 1971 440 2029 luna
453 1973 524 2030 solet
538 1971 674 2030 deducere
687 1971 734 2029 vel
747 1974 830 2031 breve
844 1971 938 2029 lumen

204 2069 341 2141 candelae,
358 2071 435 2127 cuius
450 2070 578 2143 dispenso
593 2076 622 2127 et
637 2076 759 2144 tempero
773 2069 860 2141 filum,

203 2168 364 2223 contemnit.
408 2168 528 2225 Miserae
543 2186 674 2241 cognosce
687 2168 827 2241 prooemia
840 2168 924 2238 rixae,

203 2265 227 2321 si
241 2265 301 2321 rixa
315 2270 366 2336 est,
382 2265 430 2321 ubi
444 2271 478 2323 tu
491 2267 594 2338 pulsas,
610 2284 661 2338 ego
675 2265 776 2338 vapulo
790 2270 910 2322 tantum.

204 2362 268 2419 Stat
283 2366 378 2418 contra
391 2362 514 2434 starique
528 2363 624 2434 iubet,
645 2380 739 2434 parere
753 2379 862 2418 necesse
876 2365 937 2432 eat3

202 2477 268 2515 nam
282 2458 349 2531 quid
363 2476 436 2530 agas,
453 2477 515 2515 cum
530 2465 560 2516 te
574 2460 694 2517 furiosus
708 2465 788 2532 cogat
802 2464 831 2516 et
845 2458 918 2515 idem

202 2555 319 2612 fortiorl
361 2554 472 2612 “Unde
486 2556 607 2613 venisl”
630 2556 784 2613 exclamat:
809 2554 913 2612 “cuius
927 2558 1014 2625 aceto,

203 2654 281 2711 cuius
295 2653 397 2710 conche
412 2654 523 2711 tumesl
543 2655 605 2726 quis
619 2659 713 2711 tecum
726 2652 821 2710 sectile
834 2670 946 2725 porrum

203 2757 281 2808 sutor
295 2757 324 2809 et
338 2752 403 2809 elixi
418 2752 540 2808 vervecis
554 2750 634 2808 labra
647 2750 785 2807 comeditl

204 2848 255 2905 Nil
269 2849 338 2904 mihi
352 2848 520 2922 respondes?
540 2853 590 2906 aut
604 2848 656 2919 dic,
673 2854 723 2906 aut
737 2848 829 2920 accipe
843 2846 952 2905 calcem.

204 2945 271 3017 Ede,
288 2946 337 3002 ubi
350 2947 503 3019 consistas,
524 2947 554 3002 in
568 2964 625 3018 qua
638 2951 667 3003 te
680 2964 782 3019 quaero
796 2943 984 3019 proseuchal''

204 3043 303 3100 Dicere
318 3044 342 3100 si
355 3048 475 3117 temptes
490 3042 595 3116 aliquid
609 3044 747 3100 tacitusve
761 3042 879 3113 recedas,

205 3142 381 3199 tantumdem
394 3149 455 3215 eat3
476 3142 581 3200 feriunt
595 3142 718 3216 pariter,
738 3140 898 3198 vadimonia
911 3139 1010 3196 deinde

204 3240 269 3296 irati
283 3240 397 3296 faciunt.
438 3240 567 3297 Libertas
581 3240 710 3312 pauperis
725 3239 792 3296 haec
806 3243 867 3311 est3

205 3336 332 3410 pulsatus
346 3340 425 3409 rogat
439 3341 467 3393 et
481 3337 581 3409 pugnis
595 3337 719 3394 concisus
733 3336 838 3408 adorat,

206 3440 239 3492 ut
253 3432 336 3491 liceat
349 3433 444 3507 paucis
459 3450 521 3490 cum
535 3433 666 3492 dentibus
680 3434 745 3492 inde
758 3432 867 3491 reverti
