2484 3950
501 301 637 352 SATURA
654 301 692 350 XI

121 480 123 490 =
148 456 290 524 protegere
304 449 446 521 adfectas,
467 455 496 506 te
509 447 629 518 consule,
645 447 690 502 dic
703 447 764 516 tibi,
777 446 826 518 qui
839 445 887 516 sis,

148 554 241 605 orator
254 547 410 618 vehemens,
426 566 462 603 an
477 546 592 604 Curtius
606 549 636 601 et
650 543 750 617 Matho
763 543 871 599 buccae.

150 754 334 804 usas-men
356 756 386 802 ia
407 753 446 802 tlte
465 752 575 801 uuellest
594 755 697 799 mutiero
718 750 749 798 olo
768 753 809 797 root
828 763 857 809 po
876 745 968 809 bcymtol
986 760 1051 808 your

214 847 307 892 awaus,
321 847 349 880 cr
359 832 381 880 it
392 831 448 880 will
459 831 507 879 eod
517 831 548 878 ia
558 831 623 878 ruia
633 829 687 878 aad
698 829 808 891 toppum.

151 948 179 1005 N
181 948 298 1006 oscenda
311 954 355 1005 est
368 965 497 1005 mensura
510 947 554 1003 sui
568 945 772 1019 spectandaque
786 943 868 1000 rebus
1027 967 1051 1005 35

150 1047 180 1102 in
194 1047 310 1103 summis
324 1046 519 1119 minimisque3
540 1045 626 1101 ctiam
640 1062 704 1100 cum
717 1042 800 1115 piscis
813 1045 929 1110 emetur,

151 1162 186 1200 ne
200 1143 319 1200 mullum
333 1143 436 1215 cupias,
453 1161 516 1199 cum
529 1143 568 1198 sit
582 1141 636 1198 tibi
649 1139 731 1213 gobio
745 1143 857 1195 tantum

151 1242 180 1296 in
194 1240 300 1299 loculis.
344 1240 414 1310 Quis
428 1241 502 1297 enim
516 1244 552 1310 te,
569 1238 714 1295 deficiente
728 1236 861 1306 crumina,

151 1343 180 1395 et
194 1342 331 1395 crescente
345 1337 419 1411 gula,
435 1341 530 1393 manet
544 1337 645 1407 exitus,
661 1354 724 1392 aere
737 1338 854 1407 paterno

151 1453 183 1492 ac
196 1435 278 1492 rebus
292 1436 389 1492 mersis
403 1436 433 1491 in
447 1439 581 1504 ventrem,
597 1433 700 1490 fenoris
714 1437 798 1504 atque
1028 1459 1053 1495 40

151 1533 259 1606 argenti
271 1533 365 1606 gravis
379 1538 408 1589 et
421 1549 550 1605 pecorum
564 1547 747 1603 agrorumque
762 1529 909 1601 capaceml

152 1630 266 1687 Talibus
279 1648 297 1687 a
310 1629 430 1686 dominis
443 1634 507 1702 post
520 1633 620 1685 cuncta
634 1628 800 1685 novissimus
813 1627 873 1684 exit

151 1727 258 1799 anulus,
275 1732 304 1785 et
318 1726 407 1800 digito
421 1725 562 1784 mendicat
576 1725 666 1783 Pollio
681 1725 765 1783 nudo.

152 1823 217 1880 Non
231 1823 400 1896 praematuri
414 1824 525 1895 cineres,
542 1841 592 1879 nec
605 1823 690 1879 funus
704 1821 832 1878 acerbum

150 1922 284 1995 luxuriae,
300 1922 451 1981 sedmorte
465 1921 554 1995 magis
567 1919 718 1979 metuenda
731 1925 866 1979 senectus.
1029 1945 1053 1984 45

152 2128 326 2178 lobi—Men
344 2128 445 2189 terrm
465 2128 518 2176 arad
534 2127 605 2175 aalma
621 2126 677 2189 tkrp
693 2125 755 2175 lrucc
771 2130 839 2187 sprot
855 2125 894 2173 tbe
912 2124 978 2183 locat,
998 2122 1055 2184 they

216 2208 290 2255 retirc
300 2211 324 2254 to
334 2206 416 2254 Barac
424 2206 486 2254 wttlr
497 2220 529 2253 ao
536 2204 621 2253 abacia
625 2206 673 2266 for
683 2205 748 2253 their
759 2203 919 2265 bockruptey,
931 2202 984 2250 cod
996 2200 1055 2262 only

216 2289 293 2347 repret
305 2284 358 2333 crui
370 2284 426 2347 they
437 2287 505 2332 must
516 2284 563 2332 lose
574 2283 614 2332 aaa
627 2282 716 2332 Circus
729 2283 823 2331 cama

115 2469 119 2475 .
153 2403 194 2459 Hi
207 2402 369 2475 plerumque
382 2400 502 2474 gradus:
524 2400 661 2457 conducta
673 2399 791 2472 pecunia
804 2396 909 2455 Romae

152 2507 182 2558 et
195 2520 286 2558 coram
301 2500 420 2558 dominis
433 2499 623 2557 consumitur:
644 2498 708 2556 inde
722 2498 772 2555 ubi
785 2497 900 2570 paulum

153 2599 244 2655 nescio
258 2596 325 2670 quid
338 2601 463 2669 superest
476 2602 506 2674 et
519 2587 606 2668 pallet
620 2595 723 2652 fenoris
737 2600 840 2665 auctor,

152 2695 201 2765 qui
214 2698 322 2751 vertere
336 2693 434 2765 solum,
450 2694 534 2750 Baias
548 2698 577 2750 et
591 2693 628 2750 ad
642 2698 733 2750 ostrea
747 2697 868 2749 cummt.

153 2790 257 2848 (ledere
271 2809 390 2864 namque
403 2791 463 2849 foro
476 2792 533 2848 iam
547 2810 602 2848 non
617 2795 660 2847 est
674 2789 804 2863 deterius,
820 2809 904 2863 quarn
1033 2817 1057 2854 ⁵0

154 2888 294 2960 Esquilias
307 2908 325 2945 a
338 2889 458 2946 ferventi
471 2890 590 2962 migrare
604 2888 722 2947 Subura.

153 2986 206 3042 Ille
220 2985 298 3043 dolor
311 2986 386 3043 solus
400 2987 521 3058 patriam
535 2986 714 3059 fugientibus,
731 2986 780 3044 illa

152 3084 294 3168 maestitia
308 3089 351 3141 est
365 3085 485 3141 caruisse
498 3103 571 3141 anno
585 3084 762 3142 Circensibus
775 3103 838 3144 uno.

153 3182 304 3254 Sanguinis
318 3182 347 3237 in
361 3181 430 3238 facie
444 3200 499 3238 non
513 3181 609 3238 haeret
622 3186 722 3254 gutta:
744 3188 888 3239 morantur

153 3281 234 3353 pauci
248 3279 395 3337 ridiculum
409 3279 562 3352 fugientem
576 3298 610 3337 ex
620 3279 692 3336 rebe
707 3278 853 3340 Pudorem.
1036 3298 1059 3335 ss

427 3409 452 3449 88
465 3408 784 3458 c...lnaP.crumenap.a.
