2484 3950
492 317 626 369 SATURA
645 318 707 368 XVI
994 319 1040 366 115

144 473 332 523 rosc-maa
344 474 399 522 οοιιο
412 475 468 521 will
485 475 574 521 ιοοιοοοο
590 488 643 535 cop
654 474 683 535 os
695 474 736 521 hia
745 473 849 536 fricatis
865 478 888 522 ιο
905 488 998 535 uppem
1014 487 1043 521 aa

176 576 179 585 ·
205 553 376 614 witmaaeosor
386 552 459 600 tim?

146 670 216 726 “Da
229 669 357 741 testem,”
372 669 456 725 iudex
470 687 533 726 oum
547 670 657 740 dixerit,
674 669 776 726 audeat
790 669 845 741 ille,

144 766 233 823 nescio
248 767 317 838 quia,
333 785 439 839 pugnos
454 768 502 838 qui
517 767 596 837 vidit,
613 765 703 822 dicere
720 766 830 838 “vidi’'
1018 795 1044 832 30

144 868 171 920 et
185 862 294 920 credam
309 862 424 934 dignum
439 863 533 935 barba,
550 862 720 934 dignumque
735 863 842 935 capillis

144 961 284 1017 maiorum.
329 958 420 1016 citius
435 959 536 1016 falsum
550 959 700 1032 producere
715 965 816 1017 testem

144 1056 239 1108 contra
251 1070 390 1124 paganum
404 1052 499 1124 possis,
516 1070 600 1124 quam
615 1070 681 1109 vera
694 1052 853 1125 loquentem

144 1153 239 1205 contra
252 1149 393 1205 fortunam
407 1149 508 1205 armati
523 1156 673 1221 contraque
687 1151 827 1221 pudorem.

144 1304 334 1353 35-50.-lerc
346 1307 425 1366 aquia
438 1305 556 1353 civilium
569 1304 630 1353 Ῐιοοο
645 1309 669 1352 ιο
684 1306 744 1352 aucit
755 1304 864 1365 perhaps
875 1319 892 1351 a
902 1319 963 1366 year
973 1308 997 1352 ιο
1006 1310 1043 1366 pet

208 1398 224 1429 a
235 1382 341 1443 Ῑιοοινιοιο
352 1382 379 1443 is
387 1382 442 1444 they
452 1382 513 1430 hove
524 1397 541 1429 a
551 1383 603 1430 accit
610 1400 621 1440 ;
638 1382 676 1429 ιιιο
687 1383 778 1430 soldier
789 1384 812 1430 is
822 1382 926 1430 allowed
937 1386 960 1430 ιο
966 1382 1044 1442 pleod

208 1464 235 1507 at
246 1475 301 1508 cccc
311 1459 373 1508 wira
384 1475 416 1508 rw
427 1460 506 1522 delcy.

184 1577 312 1633 Praemia
325 1595 399 1634 nunc
412 1576 467 1633 alia
481 1582 565 1649 atque
579 1576 635 1633 alia
649 1576 837 1634 emolumenta
850 1582 978 1634 notemus
1019 1604 1042 1641 35

143 1680 385 1732 sacramentorum.
429 1673 591 1731 Convellem
606 1676 677 1731 ruris
692 1674 762 1730 aviti

143 1772 284 1846 improbus
299 1777 348 1828 aut
362 1790 490 1844 campum
505 1770 574 1827 mihi
587 1773 611 1827 si
625 1772 732 1828 vicinus
747 1771 851 1828 ademit

144 1876 172 1926 et
186 1887 294 1925 sacrum
309 1868 405 1924 effodit
419 1868 510 1924 medio
524 1868 559 1924 de
572 1867 663 1925 limite
677 1887 783 1941 saxum,

143 1966 218 2040 quod
232 1985 294 2023 mea
307 1985 370 2022 cum
385 1965 481 2038 patulo
496 1964 582 2023 coluit
596 1965 659 2039 puls
674 1986 767 2023 annua
780 1966 855 2039 libo,

143 2064 253 2122 debitor
266 2070 316 2121 aut
331 2069 456 2136 sumptos
470 2065 561 2137 pergit
575 2083 630 2120 non
644 2064 758 2121 reddere
772 2083 907 2137 nummos,
1018 2092 1044 2129 40

143 2180 216 2218 vana
230 2164 392 2235 supervacui
407 2162 500 2218 dicens
514 2162 696 2236 chirographa
710 2163 797 2235 ligni:

142 2259 343 2332 exspectandus
358 2260 419 2330 erit,
436 2259 484 2331 qui
497 2259 562 2315 lites
576 2258 696 2331 incohet,
713 2279 802 2317 annus

143 2357 231 2414 totius
244 2356 347 2429 populi.
387 2355 442 2413 Sed
458 2362 525 2413 tunc
539 2374 648 2429 quoque
662 2357 738 2415 mille
752 2358 866 2414 ferenda

143 2453 243 2525 taedia,
260 2452 336 2509 mille
351 2471 462 2526 morae,
483 2454 586 2510 totiens
600 2453 733 2510 subsellia
746 2459 858 2511 tantum

142 2557 324 2623 sternuntur3
344 2552 400 2607 iam
414 2551 533 2608 facundo
546 2557 667 2624 ponente
680 2552 804 2609 lacernas
1020 2580 1045 2617 ις

144 2648 280 2720 Caedicio,
297 2653 326 2704 et
342 2648 430 2703 Fusco
444 2648 501 2703 iam
515 2648 699 2719 micturiente,
716 2648 805 2719 parati

142 2744 330 2817 digredimur:
353 2743 483 2816 lentaque
497 2745 550 2800 fori
564 2762 719 2816 pugnamus
733 2763 824 2803 arena.

142 2843 199 2899 Ast
213 2843 277 2914 illis,
294 2860 362 2914 quos
377 2860 454 2898 arma
468 2847 567 2914 tegrmt
582 2847 611 2898 et
623 2842 735 2899 balteus
749 2843 845 2915 ambit,

141 2931 218 3013 quod
232 2940 365 3013 placitum
381 2945 424 2996 est
438 2941 513 3013 ipsis,
530 2945 688 3012 praestatur
702 2945 812 3013 tempus
826 2941 933 3012 agendi,

141 3056 194 3095 nec
209 3056 252 3094 res
266 3038 399 3095 atteritur
411 3037 495 3110 longo
508 3038 663 3094 sufflamine
677 3038 743 3096 litis.
1018 3068 1044 3105 50

142 3193 359 3254 mcc-Laerta,
380 3193 418 3241 ιιοο
434 3194 525 3241 seddim
541 3209 601 3255 moy
618 3194 689 3241 malea
705 3208 722 3240 a
739 3194 795 3240 will
811 3194 885 3241 while
904 3194 944 3241 tu
957 3193 1046 3256 fallier

178 3311 180 3313 ,
208 3270 264 3318 οιιιι
275 3270 341 3330 lices,
356 3270 408 3317 aad
418 3284 443 3317 so
454 3285 503 3331 porc
515 3286 574 3331 army
586 3272 651 3331 osten
661 3285 696 3317 see
707 3284 724 3316 a
730 3274 822 3330 parerat
835 3270 942 3331 playirrp
954 3269 1044 3331 lepocy-

209 3348 300 3395 taater
311 3351 334 3395 ιο
345 3347 385 3395 aas
395 3362 445 3395 soa.

186 3465 259 3523 Solis
272 3470 415 3537 praeterea
429 3465 551 3522 testandi
569 3466 706 3522 militibus
721 3466 764 3523 ius
