2484 3950
488 352 622 402 SATURA
641 351 703 401 XIV

137 500 262 556 iumenta
275 498 311 555 ad
324 498 427 555 virides
440 497 523 555 huius
536 497 687 554 mittentur
700 497 818 572 aristes,

138 617 188 655 nec
201 598 278 671 prius
292 597 356 654 inde
371 596 492 669 domum,
509 614 593 670 quam
608 601 669 653 tota
683 595 794 654 novalia
808 613 904 652 saevos

137 695 167 752 in
181 701 292 753 ventres
306 695 416 767 abeant,
432 700 466 752 ut
479 694 574 752 eredas
588 694 706 751 falcibus
720 698 823 752 actum.

138 793 238 851 Dicere
251 794 300 851 vix
313 794 408 866 possis,
425 811 509 866 quam
523 793 607 850 multi
620 792 690 849 talia
703 792 820 865 plorent,
1002 820 1040 857 ιφ

138 897 168 948 et
182 896 251 964 quot
264 890 375 948 venales
390 891 492 947 iniuria
504 890 600 947 fecerit
614 908 702 962 agros.

140 991 195 1049 Sed
209 992 258 1064 qui
271 994 427 1048 sermones!
450 1009 534 1063 quam
547 990 644 1048 foedae
657 990 773 1047 bussina
786 990 926 1048 famae.-

142 1091 159 1118 “
169 1089 242 1159 Quid
253 1094 333 1147 nocet
343 1089 411 1146 haec
423 1089 452 1144 2²²
467 1089 567 1161 inquit.
601 1086 762 1145 “Tunicam
775 1087 845 1144 mihi
856 1086 929 1144 malo
941 1086 1038 1159 lupini,

140 1205 224 1260 quarn
238 1188 263 1243 si
276 1205 320 1243 me
334 1193 396 1244 toto
409 1186 506 1243 laudet
519 1185 623 1243 vicinia
635 1203 713 1259 pago,

141 1285 233 1357 exigui
247 1284 319 1341 ruris
331 1285 499 1357 paucissima
511 1284 585 1340 farra
598 1282 805 1341 secantem.''-
1005 1309 1041 1346 1⁵5

143 1490 353 1539 156-160.-Y0o
363 1506 424 1553 may
434 1506 490 1540 own
500 1505 529 1539 aa
539 1490 614 1540 mooeb
625 1491 688 1540 laod
702 1505 731 1539 as
747 1490 785 1539 all
801 1490 877 1539 Romae
892 1488 945 1536 hod
960 1487 1042 1537 under

210 1568 307 1629 Patitor,
323 1568 364 1617 but
375 1569 432 1617 will
443 1569 497 1617 root
508 1574 600 1631 mmpt
611 1584 661 1631 you
665 1570 737 1632 from
749 1568 791 1617 old
802 1583 845 1631 aga
856 1582 884 1616 or
893 1567 987 1616 danim

143 1685 255 1743 Scilicet
269 1689 298 1742 et
312 1685 416 1742 morbis
430 1690 460 1742 et
473 1684 619 1743 debilitate
635 1686 746 1758 carebis,

144 1788 172 1841 et
184 1783 292 1841 luctum
306 1789 335 1841 et
349 1802 444 1841 euram
458 1783 579 1857 effugies,
596 1788 625 1841 et
639 1789 764 1857 tempora
779 1783 852 1840 ritae

142 1880 224 1953 longa
237 1881 291 1938 tibi
305 1885 368 1953 post
382 1880 450 1937 haec
463 1881 523 1937 fato
537 1880 649 1938 meliore
663 1879 811 1951 dabuntur,

142 1979 167 2036 si
181 1983 293 2036 tantum
307 1979 375 2036 culti
389 1978 465 2036 solus
478 1979 631 2052 possederis
644 1979 711 2052 agri,

143 2081 280 2150 quantum
294 2076 347 2133 sub
361 2076 442 2133 Tatio
455 2076 574 2150 populus
589 2076 732 2133 Romanus
745 2076 851 2134 arabat.
1007 2092 1043 2130 160

144 2282 455 2344 161-171.-Twojoqero
465 2297 527 2331 wera
537 2284 609 2345 given
623 2288 647 2332 to
658 2298 705 2332 our
715 2287 814 2332 mirram
823 2282 934 2343 souliers,
948 2282 1001 2331 aad
1012 2296 1043 2331 on

208 2360 258 2408 tbr'a
269 2360 325 2423 they
335 2360 466 2422 supported
477 2360 542 2409 tlreir
553 2361 630 2409 robola
634 2362 759 2423 familias.

144 2478 213 2533 Mox
226 2478 313 2533 etiam
326 2476 423 2533 fractis
437 2482 529 2534 aetate
543 2495 575 2534 ao
589 2477 696 2535 Punica
708 2478 797 2551 passis

143 2574 255 2648 proelia,
270 2573 316 2632 vel
331 2573 470 2645 Pyrrhum
483 2575 641 2648 immanem,
657 2575 818 2649 gladiosque
832 2574 975 2647 Molossos,

143 2671 258 2729 tandem
271 2689 321 2744 pro
334 2672 432 2729 multis
446 2673 494 2729 vix
508 2673 603 2746 iugera
617 2674 684 2731 bina
697 2673 837 2731 dabantur

144 2769 323 2844 vulneribus,
343 2788 446 2828 meroes
460 2770 528 2828 haee
541 2773 684 2845 sanguinis
697 2778 781 2846 atque
795 2772 896 2829 laboris

144 2868 228 2924 nullis
242 2868 303 2924 visa
316 2887 449 2940 umquam
463 2869 569 2926 meritis
583 2871 680 2943 minor,
697 2875 746 2927 aut
761 2870 885 2942 ingratae
1007 2886 1043 2933 165

144 2969 225 3022 curta
237 2964 306 3022 fides
320 2967 445 3040 patriae3
466 2966 612 3024 saturabat
625 2967 737 3041 glebula
751 2967 816 3024 talis

144 3066 253 3135 patrem
268 3062 358 3135 ipsum
373 3063 540 3137 turbamque
554 3082 640 3138 casae,
657 3083 712 3138 qua
725 3064 784 3122 feta
797 3064 905 3123 iacebat

145 3176 221 3231 uxor,
238 3164 267 3216 et
280 3160 403 3217 infantes
416 3160 551 3219 ludebant
565 3168 691 3236 quatuor,
707 3181 779 3220 unus

145 3254 268 3328 vernula,
285 3261 342 3313 tres
355 3256 476 3315 domini:
497 3258 547 3316 sed
560 3260 669 3331 magnis
682 3259 816 3317 fratribus
829 3259 928 3317 horum

144 3372 162 3409 a
176 3352 271 3410 scrobe
285 3353 330 3410 vel
344 3354 420 3411 sulco
434 3355 622 3429 redeuntibus,
639 3357 727 3414 altera
740 3376 807 3415 cena
1008 3384 1044 3422 170

144 3450 263 3522 amplior
277 3454 305 3507 et
318 3451 435 3523 grandes
449 3453 595 3511 fumabant
609 3454 735 3527 pultibus
750 3455 828 3513 ollae.
