2484 3950
38 74 178 133 s„

25 322 46 355 s
199 323 229 374 78
465 322 494 372 Ι).
518 320 610 371 IUNll
631 321 821 373 IUVENALIS

197 474 346 542 exspectat
392 469 512 526 Niveam
526 467 650 540 Reginae
664 466 792 525 ducimus
806 486 915 541 agnam,

196 585 247 639 par
261 566 350 624 vellus
363 566 477 624 dabitur
490 567 627 639 pugnanti
641 564 769 638 Gorgone
783 565 891 624 Maura
1210 546 1213 675 A

197 663 252 721 Sed
266 664 361 736 procul
374 668 519 720 extensum
534 662 663 735 petulans
678 663 772 735 quatit
786 661 879 719 hostia
892 663 996 735 funem,
1085 691 1096 729 5

196 761 313 834 Tarpeio
327 765 438 817 servata
451 760 520 832 Iovi,
538 759 713 833 frontemque
727 766 869 819 coruscat:
1130 758 1136 769 '

196 860 298 932 quippe
311 858 388 915 ferox
402 857 516 928 vitulus,
532 856 646 929 templis
659 862 787 913 maturus
801 863 830 914 et
844 875 907 914 aree

197 955 420 1029 spargendusque
434 973 517 1026 mero,
534 973 616 1027 quem
631 956 687 1011 iam
701 955 788 1027 pudet
802 956 888 1012 ubera
902 957 1001 1013 matris

196 1054 303 1127 ducere,
319 1055 367 1127 qui
381 1058 465 1110 vexat
479 1053 604 1109 nascenti
617 1052 716 1110 robora
730 1071 822 1112 cornu.

196 1151 226 1209 si
240 1169 284 1208 res
297 1150 390 1225 ampla
403 1150 478 1207 domi
492 1149 646 1223 similisque
659 1149 816 1208 adfectibus
830 1157 910 1221 esset,

196 1249 324 1323 pinguior
339 1248 471 1321 Hispulla
484 1248 642 1305 traheretur
655 1253 761 1319 taurus,
777 1253 806 1305 et
820 1249 881 1322 ipsa

196 1346 267 1403 mole
281 1345 366 1419 piger,
383 1364 433 1402 nec
447 1345 567 1401 finitima
581 1345 706 1402 nutritus
719 1346 749 1401 in
763 1344 857 1413 herba,

195 1442 270 1499 laeta
283 1441 332 1499 sed
346 1441 494 1498 ostendens
509 1440 648 1499 Clitumni
661 1460 763 1514 pascua
776 1442 889 1515 sanguis

195 1540 256 1609 iret,
273 1544 302 1595 et
316 1556 333 1594 a
345 1538 445 1611 grandi
459 1538 551 1595 cervix
565 1537 689 1595 ferienda
702 1540 838 1609 ministra

111 1675 113 1678 -
196 1636 232 1693 ob
245 1636 367 1692 reditum
382 1635 548 1708 trepidantis
561 1636 654 1692 adhuc
667 1635 856 1709 horrendaque
871 1638 945 1709 passi
1072 1666 1095 1702 ις

196 1752 284 1807 nuper
297 1738 326 1790 et
339 1731 505 1790 incolumem
520 1751 579 1790 sese
593 1734 723 1790 mirantis
736 1735 826 1793 amici.

197 1964 417 2018 17-51.-He}ns
433 1965 530 2029 eccapad
550 1964 604 2015 botlr
619 1965 755 2028 conpareat
774 1968 827 2016 aad
847 1966 990 2030 ligitimam
1007 1967 1050 2017 but
1065 1966 1095 2016 lac

260 2044 358 2104 escnpccl
374 2042 436 2091 anille
452 2042 491 2091 the
508 2043 555 2091 loos
565 2043 595 2105 of
606 2043 648 2091 liic
658 2043 773 2092 meacula
786 2059 866 2106 carpo,
879 2044 960 2093 wana
975 2045 1004 2092 lca
1019 2045 1095 2094 llrrcao
1194 2085 1199 2092 .

261 2120 392 2170 overheard
403 2124 426 2168 to
438 2120 530 2182 liplutea
541 2123 579 2168 tlrc
589 2120 654 2184 olcc'p

197 2239 272 2295 Nam
285 2243 395 2311 praeter
408 2235 499 2309 pelagi
513 2254 591 2293 casus
605 2242 635 2294 et
648 2236 766 2310 fulguris
780 2239 853 2295 ictus

197 2336 294 2395 evasit.
337 2335 448 2391 Densae
462 2334 568 2392 caelum
582 2334 749 2392 abscondere
764 2336 894 2392 tenebrae

196 2434 270 2489 nube
283 2450 347 2505 nna,
363 2431 528 2505 subitusque
542 2437 678 2490 antennas
692 2432 805 2505 impulit
819 2433 899 2506 ignis,

197 2549 259 2588 curn
273 2549 303 2587 se
317 2531 433 2603 quisque
447 2529 496 2586 illo
509 2548 671 2603 percussum
685 2530 815 2602 erederet,
832 2535 861 2588 et
874 2549 940 2587 mox

196 2628 335 2686 attonitus
349 2627 457 2684 nullum
472 2627 589 2683 conferri
603 2644 683 2699 posse
697 2631 810 2699 putaret

196 2725 372 2798 naufragium
386 2724 457 2781 velis
471 2724 642 2789 ardentibus.
687 2724 788 2781 Omnia
801 2725 874 2782 fiunt

196 2823 272 2895 talia,
288 2828 348 2879 tam
361 2821 491 2895 graviter,
508 2822 532 2878 si
546 2820 658 2893 quando
671 2821 779 2894 poetica
793 2822 882 2895 surgit

197 2925 354 2993 tempestas.
399 2917 494 2976 Genus
508 2936 569 2975 ecce
583 2917 660 2974 alind
675 2918 842 2975 discriminis
855 2918 921 2975 audi

83 3071 84 3074 ,
196 3023 225 3076 et
239 3018 367 3074 miserere
381 3015 501 3073 iterum:
523 3033 693 3088 quamquam
707 3016 765 3073 sint
778 3021 869 3073 cetera
883 3018 966 3073 sortis
1070 3045 1094 3083 25

196 3115 318 3173 eiusdem
332 3132 396 3187 pars
409 3112 470 3170 dira
483 3112 604 3186 quidem,
620 3113 670 3171 sed
684 3114 794 3187 cognita
807 3112 912 3184 multis,

196 3218 225 3270 et
239 3229 323 3284 quam
336 3211 434 3268 votiva
448 3215 589 3267 testantur
602 3211 669 3268 fana
682 3210 786 3267 tabella
950 3191 954 3198 ⁶

195 3311 323 3386 plurima
367 3308 490 3366 Pictones
503 3311 566 3381 quis
579 3311 667 3367 nescit
681 3309 718 3366 ab
732 3309 806 3367 Iside
819 3309 914 3383 pascit

196 3408 307 3467 Accidit
321 3411 350 3464 et
364 3411 458 3462 nostro
471 3406 571 3463 similis
584 3407 698 3464 fortuna
713 3405 832 3465 (latullo.

197 3508 269 3567 (lum
282 3505 381 3579 plenus
394 3502 482 3560 fluctu
496 3504 603 3561 medius
617 3504 688 3561 foret
701 3504 804 3576 alveus,
821 3509 849 3561 et
863 3504 926 3576 iarn,
1068 3535 1094 3572 30
