2484 3950
483 316 618 369 SATURA
637 315 685 365 XV

144 461 262 531 Stoicus,
278 462 387 535 antiqui
400 461 560 534 praesertim
576 465 669 517 aetate
683 459 810 517 Metellil

144 558 228 615 Nunc
242 563 318 615 totus
333 558 431 615 Graias
445 563 608 631 nostrasque
622 557 708 614 habet
722 557 796 613 orbis
810 557 944 613 Athenas.
1008 585 1045 610 110

143 654 236 712 Gallia
250 656 400 712 causidicos
415 657 509 713 docuit
523 656 644 712 facunda
657 655 824 712 Britannos:

143 752 178 809 de
192 752 368 809 conducendo
382 751 505 825 loquitur
519 753 573 808 iarn
589 752 699 809 rhetore
714 752 811 810 Thule.

145 936 439 998 113-128.—Sapanturn
455 936 507 983 bod
518 950 536 983 o
545 935 649 983 similer
660 949 750 994 marae,
763 933 817 982 aad
827 949 885 982 evea
895 934 934 983 tle
951 934 1046 982 Tauria

207 1014 312 1076 goddess,
318 1014 372 1061 who
378 1013 605 1062 suaaiousbumaa
612 1011 727 1074 sacrifica,
733 1011 1030 1059 allowsaocaanibata'sm
1034 1029 1045 1069 ,-

209 1096 251 1143 aar
273 1095 323 1142 this
337 1111 413 1157 parag
434 1096 561 1156 Egyptian
577 1109 633 1142 raca
652 1097 789 1154 perpetrate
806 1108 841 1140 aa
857 1097 896 1141 acl
912 1091 993 1140 which
1013 1107 1045 1140 no

210 1173 329 1234 Scythica
341 1173 402 1221 tribe
413 1173 497 1221 would
507 1173 568 1222 laone
579 1173 648 1221 dnae.

145 1287 256 1345 Nobilis
270 1288 317 1344 ille
331 1293 425 1344 tamen
440 1287 565 1361 populus,
581 1305 664 1361 quem
679 1287 807 1357 diximus,
824 1291 853 1342 ct
866 1305 916 1358 par

146 1386 250 1443 virtute
264 1391 348 1458 atque
362 1385 424 1457 fide,
440 1385 489 1442 sed
503 1385 591 1441 maior
606 1384 690 1456 clade,
707 1383 865 1454 Zacynthos

145 1482 201 1540 tale
216 1483 283 1554 qnid
297 1485 417 1540 excusat.
462 1482 602 1539 Maeotide
617 1482 724 1539 saevior
738 1500 786 1538 ara

144 1582 307 1654 Aegyptus:
328 1581 431 1654 quippe
445 1580 495 1637 illa
508 1580 621 1637 nefandi
636 1580 753 1636 Taurica
766 1580 836 1636 sacri

145 1681 285 1737 inventrix
299 1680 431 1750 homines,
447 1685 481 1736 ut
495 1680 551 1736 iam
565 1697 636 1751 quae
651 1679 773 1735 carmina
786 1677 902 1735 tradunt

146 1779 230 1851 digna
242 1778 297 1835 fide
312 1778 415 1849 credas,
429 1782 541 1834 tantum
556 1776 690 1847 immolat,
707 1775 823 1832 ulterius
837 1775 878 1831 nil

146 1881 195 1933 aut
209 1875 320 1948 gravius
334 1874 423 1932 cultro
437 1875 519 1931 timet
533 1874 633 1931 hostia.
678 1872 746 1943 Quis
761 1872 842 1929 modo
857 1890 935 1929 casus

146 1973 258 2047 impulit
272 1973 341 2029 hosi
361 1991 431 2046 qnae
446 1976 526 2029 tanta
540 1971 629 2028 fames
643 1970 799 2044 infestaque
812 1969 887 2027 vallo

146 2091 223 2130 arma
237 2075 384 2144 coegerunt
398 2075 457 2148 tam
472 2068 638 2127 detestabile
653 2072 808 2124 monstrum

147 2169 266 2227 auderet
307 2167 387 2225 Anne
402 2167 494 2238 aliam,
511 2171 586 2223 terra
600 2164 786 2237 Memphitide
800 2165 878 2237 sicca,

146 2267 280 2324 invidiam
294 2265 417 2322 facerent
431 2264 538 2321 nolenti
552 2281 663 2335 surgere
678 2262 764 2320 Nilol

147 2364 209 2435 Qua
223 2383 272 2421 neo
286 2363 422 2421 terribiles
437 2362 552 2433 Cimbri,
568 2380 618 2418 nec
633 2361 775 2418 Brittones
789 2380 929 2434 umquam,

139 2462 381 2532 Sauromataeque
396 2465 488 2516 truces
503 2463 552 2515 aut
566 2459 702 2514 immanes
716 2458 876 2530 Agathyrsi,
1013 2487 1048 2524 ης

147 2559 198 2615 hac
212 2559 301 2615 saevit
312 2541 391 2614 vrabie
405 2556 517 2613 imbelle
532 2560 561 2612 et
574 2555 675 2611 inutile
689 2554 797 2627 vulgus,

147 2655 263 2730 parwrla
276 2654 408 2711 fictilibus
423 2654 537 2711 solitum
551 2653 617 2709 darc
631 2652 694 2710 vela
707 2652 835 2724 phaselis,

147 2759 176 2812 et
190 2753 321 2810 brevibus
335 2754 426 2824 pictae
440 2752 523 2809 remis
537 2751 696 2808 incumbere
711 2756 817 2808 testae..

148 2945 398 2996 129-158.—Natura
415 2944 498 2993 malcas
514 2959 576 2992 maa
591 2944 716 3005 amrafel,
736 2943 832 3016 terrebas⁸
844 2959 875 2992 aa
896 2948 919 2992 lo
937 2945 995 3006 pity
1012 2944 1050 2992 tlte

212 3024 334 3084 wroaged,
349 3028 371 3070 to
382 3023 462 3084 priene
471 3024 518 3084 for
533 3023 597 3070 those
608 3026 649 3070 cut
660 3022 695 3082 eff
708 3023 738 3069 a'a
749 3021 814 3069 their
829 3020 913 3083 youth.
950 3022 990 3083 By
1001 3022 1050 3069 this

213 3116 248 3149 aee
258 3101 333 3161 differ
342 3101 415 3162 from
426 3099 464 3148 tlte
481 3100 550 3147 brute
561 3100 669 3147 nautica
677 3116 688 3157 ;
705 3098 754 3146 this
770 3098 817 3167 bes
834 3099 873 3146 lael
888 3113 919 3146 us
935 3104 958 3147 to
974 3100 1050 3148 scaled

214 3180 265 3242 lise.

149 3296 209 3352 Nec
223 3313 339 3368 poenam
354 3296 449 3352 sceleri
463 3294 595 3366 invenies,
611 3313 662 3351 nec
676 3294 761 3365 digna
774 3294 884 3368 parabis

148 3394 285 3467 supplicia
298 3392 342 3448 his
356 3393 472 3464 populis
489 3393 518 3447 in
533 3410 650 3463 quorum
664 3396 757 3447 mente
774 3408 852 3463 pares
866 3395 932 3447 sunt
1015 3419 1051 3455 130

507 3513 543 3551 114
557 3509 669 3561 Saguntns
678 3525 698 3550 a.
