2484 3950
139 243 143 249 ·
206 215 220 264 8
476 215 507 265 D.
528 215 622 264 IUNII
642 215 832 265 IUVENALIS

205 360 288 417 laudo
302 368 403 432 tamen,
421 362 515 417 vacuis
530 360 604 432 quod
618 360 712 417 sedem
727 359 809 431 ligere
825 359 921 415 Cumis

206 458 327 514 destinet
342 462 425 530 atque
440 475 527 514 unum
541 458 630 514 civem
644 456 745 514 donare
761 455 892 527 Sibyllae.

207 555 295 611 lanua
310 555 441 612 Baiarum
456 561 498 611 est
513 561 542 612 et
555 560 667 627 gratum
681 554 749 611 litus
763 554 871 611 amoeni

205 670 333 709 secessus.
378 652 437 725 Ego
451 653 496 709 vel
511 652 679 725 Prochytam
694 670 830 724 praepono
844 651 977 709 Suburae.
1091 679 1102 716 5

205 749 233 805 N
235 767 280 817 am
295 749 362 820 quid
377 755 435 805 tam
450 750 590 820 miserum,
607 754 667 806 tam
681 749 770 806 solum
784 749 914 819 vidimus,
931 753 1032 805 utnon

205 846 328 902 deterius
342 846 436 902 credas
450 846 560 904 horrere
574 847 709 917 incendia,
724 846 818 919 lapsus

205 949 342 1001 tectorum
356 944 486 1001 adsiduos
501 963 532 1002 ac
547 945 624 1002 mille
637 944 759 1017 pericula
771 963 870 1001 saevae

205 1041 290 1110 urbis,
308 1046 337 1098 et
351 1041 480 1113 Augusto
494 1043 645 1099 recitantes
660 1061 753 1100 mense
767 1043 882 1115 poetas?

205 1245 322 1292 10·20.—
330 1245 412 1293 While
434 1246 474 1293 ets
499 1246 571 1307 poecis
593 1261 636 1294 arc
659 1247 729 1308 ὁσίης]
752 1246 823 1308 liftcd
845 1246 898 1293 toto
925 1244 964 1293 tlte
991 1258 1100 1306 stuppea,

274 1322 414 1370 Umbricius
421 1324 559 1386 stondesor
570 1339 587 1371 a
599 1325 658 1372 time
670 1339 732 1372 ocur
743 1324 782 1371 tlte
793 1323 875 1384 oalley
886 1324 916 1384 of
922 1323 1022 1383 Eparia,
1037 1337 1099 1381 stow,

268 1400 331 1458 ulos,
347 1399 378 1448 let
389 1404 431 1448 out
443 1405 466 1449 to
476 1401 549 1461 Jews,
564 1402 616 1450 aaut
627 1402 700 1462 spoilt
711 1401 741 1463 by
751 1400 873 1461 artificiul
884 1400 1037 1448 edecument.

205 1530 260 1586 Sed
274 1530 340 1586 dum
356 1535 418 1587 tota
432 1531 530 1588 domus
544 1532 611 1588 reda
625 1532 797 1605 componitur
812 1550 875 1603 una,

203 1627 332 1685 substitit
346 1628 382 1684 ad
396 1634 504 1685 veteres
518 1647 598 1686 arcus
611 1628 807 1702 madidamque
822 1628 970 1701 Capenam,

204 1724 267 1796 Hic,
284 1726 332 1782 ubi
347 1731 497 1783 nocturnae
511 1726 608 1783 Numa
622 1726 810 1784 constituebat
824 1727 927 1783 amicae

203 1840 276 1878 nunc
291 1823 361 1878 sacri
376 1822 460 1880 fontis
475 1841 573 1880 nemus
587 1828 616 1881 et
630 1823 746 1880 delubra
760 1823 887 1880 locantur

204 1919 323 1992 Iudaeis,
339 1939 457 1994 quorum
471 1922 605 1996 cophinus
619 1921 786 1995 faenumque
800 1921 923 1995 supellex
934 1944 983 1990 ;-

203 2020 293 2075 omnis
308 2021 381 2077 enim
396 2020 498 2093 populo
512 2021 666 2078 mercedem
680 2021 799 2093 pendere
813 2022 889 2077 iussa
902 2026 945 2078 est
1080 2050 1103 2088 15

202 2117 291 2188 arbor,
307 2124 336 2175 et
351 2120 445 2175 eiectis
459 2120 599 2176 mendicat
612 2120 685 2175 silva
700 2118 870 2176 Camenis-

202 2214 238 2270 In
252 2214 354 2272 vallem
369 2216 485 2288 Egeriae
500 2217 691 2274 descendimus
706 2222 735 2274 et
748 2217 892 2290 speluncas

202 2312 350 2369 dissimiles
363 2314 444 2372 veris.
489 2313 601 2383 Quanto
614 2315 787 2387 praesentius
801 2320 874 2371 esset

203 2426 306 2467 numen
320 2411 408 2482 aquis,
424 2412 508 2468 viridi
523 2413 547 2468 si
562 2413 687 2484 margine
701 2411 842 2469 clauderet
857 2411 945 2468 undas

201 2507 294 2578 herba,
311 2526 361 2565 nec
375 2509 528 2581 ingenuum
542 2510 680 2567 violarent
695 2529 833 2567 marmora
847 2509 973 2583 tophum.
1079 2541 1105 2566 ρο

202 2715 393 2763 mdc—Sicca
412 2714 477 2763 there
494 2717 517 2762 c's
533 2730 565 2763 ao
581 2730 650 2763 roera
664 2717 712 2778 for
728 2715 879 2763 aamercort
899 2714 1068 2776 employmcnt
1088 2715 1107 2763 I

265 2793 321 2841 wilt
332 2808 413 2855 away,
430 2794 505 2841 while
522 2794 587 2842 clare
604 2796 627 2841 e's
644 2796 710 2842 time.
751 2794 827 2842 Thone
844 2807 903 2854 urcy
919 2797 975 2853 stay
992 2793 1046 2839 ruho
1057 2808 1104 2840 caci

265 2875 330 2932 stoop
347 2875 369 2918 to
381 2870 419 2917 the
437 2871 491 2918 ease
502 2886 588 2919 meone
604 2871 658 2919 aad
672 2873 837 2919 conticesces
847 2885 973 2931 cwccscarp
989 2874 1012 2917 to
1023 2884 1104 2917 secare

267 2948 356 2995 accolit
366 2948 536 3010 arcdsortuac.

202 3079 257 3136 Hic
272 3084 339 3136 tunc
350 3079 520 3153 Umbricius,
536 3079 676 3150 “Quando
691 3079 824 3150 artibus,'’
839 3077 938 3149 inquit,
953 3077 1103 3134 “honestis

200 3177 294 3234 nullus
308 3178 337 3233 in
351 3178 419 3235 urbe
433 3177 517 3249 locus,
534 3177 611 3234 nulla
626 3178 814 3235 emolumenta
827 3177 962 3250 laborum,

200 3293 244 3331 res
258 3274 339 3332 hodie
354 3275 445 3331 minor
459 3281 510 3347 est,
526 3275 590 3332 here
606 3294 690 3347 quam
705 3275 768 3345 fuit,
785 3280 869 3347 atque
884 3275 979 3331 eadem
994 3292 1054 3330 cras

252 3379 276 3418 18
289 3377 425 3428 praesentius
436 3379 459 3417 Ρ,
472 3378 620 3428 praestantius
631 3393 651 3419 ω,
787 3380 811 3418 19
825 3377 888 3428 aquis
898 3379 920 3417 P.
932 3388 989 3428 aque
995 3389 1018 3429 p.
1030 3393 1045 3416 a
