<?xml version="1.0" encoding="UTF-8"?>
<!DOCTYPE html PUBLIC "-//W3C//DTD XHTML 1.0 Transitional//EN"
    "http://www.w3.org/TR/xhtml1/DTD/xhtml1-transitional.dtd">
<html xmlns="http://www.w3.org/1999/xhtml" xml:lang="en" lang="en">
 <head>
  <title>
</title>
<meta http-equiv="Content-Type" content="text/html;charset=utf-8" />
  <meta name='ocr-system' content='tesseract 3.04.00' />
  <meta name='ocr-capabilities' content='ocr_page ocr_carea ocr_par ocr_line ocrx_word'/>
</head>
<body>
  <div class='ocr_page' id='page_1' title='image "./decimiiuniiiuve00hardgoog_0150.png"; bbox 0 0 2484 3950; ppageno 0'>
   <div class='ocr_carea' id='block_1_1' title="bbox 186 249 806 323">
    <p class='ocr_par' dir='ltr' id='par_1_1' title="bbox 186 249 806 323">
     <span class='ocr_line' id='line_1_1' title="bbox 186 249 806 323; baseline -0.013 -1"><span class='ocrx_word' id='word_1_1' title='bbox 186 271 217 323; x_wconf 80' lang='lat'>70</span> <span class='ocrx_word' id='word_1_2' title='bbox 348 249 351 260; x_wconf 92' lang='lat'>&#39;</span> <span class='ocrx_word' id='word_1_3' title='bbox 451 267 482 316; x_wconf 85' lang='lat' dir='ltr'>n.</span> <span class='ocrx_word' id='word_1_4' title='bbox 504 266 597 317; x_wconf 80' lang='lat' dir='ltr'>unni</span> <span class='ocrx_word' id='word_1_5' title='bbox 617 264 806 316; x_wconf 76' lang='lat' dir='ltr'>ruvnunnrs</span> 
     </span>
    </p>
   </div>
   <div class='ocr_carea' id='block_1_2' title="bbox 185 410 946 587">
    <p class='ocr_par' dir='ltr' id='par_1_2' title="bbox 185 410 946 587">
     <span class='ocr_line' id='line_1_2' title="bbox 185 410 946 487; baseline -0.008 -15"><span class='ocrx_word' id='word_1_6' title='bbox 185 434 241 472; x_wconf 91' lang='lat' dir='ltr'>non</span> <span class='ocrx_word' id='word_1_7' title='bbox 255 419 369 486; x_wconf 76' lang='lat' dir='ltr'>cogente</span> <span class='ocrx_word' id='word_1_8' title='bbox 383 414 504 487; x_wconf 88' lang='lat' dir='ltr'>quidem,</span> <span class='ocrx_word' id='word_1_9' title='bbox 522 412 570 470; x_wconf 91' lang='lat' dir='ltr'>sed</span> <span class='ocrx_word' id='word_1_10' title='bbox 584 431 635 469; x_wconf 91' lang='lat' dir='ltr'>nec</span> <span class='ocrx_word' id='word_1_11' title='bbox 648 411 812 485; x_wconf 77' lang='lat' dir='ltr'>prohibente</span> <span class='ocrx_word' id='word_1_12' title='bbox 827 410 946 482; x_wconf 88' lang='lat' dir='ltr'>tribuno,</span> 
     </span>
     <span class='ocr_line' id='line_1_3' title="bbox 185 509 796 587; baseline -0.005 -17"><span class='ocrx_word' id='word_1_13' title='bbox 185 514 338 585; x_wconf 85' lang='lat' dir='ltr'>scripturus</span> <span class='ocrx_word' id='word_1_14' title='bbox 352 511 427 584; x_wconf 85' lang='lat' dir='ltr'>leges</span> <span class='ocrx_word' id='word_1_15' title='bbox 440 516 470 568; x_wconf 92' lang='lat' dir='ltr'>et</span> <span class='ocrx_word' id='word_1_16' title='bbox 483 510 658 587; x_wconf 83' lang='lat' dir='ltr'>regiaverba</span> <span class='ocrx_word' id='word_1_17' title='bbox 670 509 796 567; x_wconf 88' lang='lat' dir='ltr'>lanistae.</span> 
     </span>
    </p>
   </div>
   <div class='ocr_carea' id='block_1_3' title="bbox 185 713 1084 2123">
    <p class='ocr_par' dir='ltr' id='par_1_3' title="bbox 185 713 1084 937">
     <span class='ocr_line' id='line_1_4' title="bbox 185 713 1083 781; baseline -0.01 -12"><span class='ocrx_word' id='word_1_18' title='bbox 185 720 363 769; x_wconf 72' lang='lat' dir='ltr'>ern-other</span> <span class='ocrx_word' id='word_1_19' title='bbox 378 718 540 781; x_wconf 75' lang='lat' dir='ltr'>spesdtlrrafte</span> <span class='ocrx_word' id='word_1_20' title='bbox 555 732 599 766; x_wconf 81' lang='lat' dir='ltr'>are</span> <span class='ocrx_word' id='word_1_21' title='bbox 610 716 723 779; x_wconf 68' lang='lat' dir='ltr'>wopau</span> <span class='ocrx_word' id='word_1_22' title='bbox 740 715 769 777; x_wconf 75' lang='lat' dir='ltr'>by</span> <span class='ocrx_word' id='word_1_23' title='bbox 781 716 846 763; x_wconf 79' lang='lat' dir='ltr'>tbct&#39;r</span> <span class='ocrx_word' id='word_1_24' title='bbox 862 713 979 762; x_wconf 73' lang='lat' dir='ltr'>creditore</span> <span class='ocrx_word' id='word_1_25' title='bbox 989 713 1083 760; x_wconf 71' lang='grc'><strong>11111111</strong></span> 
     </span>
     <span class='ocr_line' id='line_1_5' title="bbox 250 790 1084 859; baseline -0.01 -13"><span class='ocrx_word' id='word_1_26' title='bbox 250 798 288 846; x_wconf 77' lang='lat' dir='ltr'>tlte</span> <span class='ocrx_word' id='word_1_27' title='bbox 300 799 396 846; x_wconf 77' lang='lat' dir='ltr'>martel</span> <span class='ocrx_word' id='word_1_28' title='bbox 402 816 413 856; x_wconf 90' lang='lat'><em>;</em></span> <span class='ocrx_word' id='word_1_29' title='bbox 430 797 509 845; x_wconf 82' lang='lat' dir='ltr'>others</span> <span class='ocrx_word' id='word_1_30' title='bbox 517 811 596 859; x_wconf 75' lang='lat' dir='ltr'>pawn</span> <span class='ocrx_word' id='word_1_31' title='bbox 612 794 677 843; x_wconf 75' lang='lat' dir='ltr'>their</span> <span class='ocrx_word' id='word_1_32' title='bbox 687 794 757 856; x_wconf 75' lang='lat' dir='ltr'>plata</span> <span class='ocrx_word' id='word_1_33' title='bbox 762 794 808 856; x_wconf 86' lang='lat' dir='ltr'>for</span> <span class='ocrx_word' id='word_1_34' title='bbox 819 808 836 841; x_wconf 87' lang='grc'>1</span> <span class='ocrx_word' id='word_1_35' title='bbox 847 795 912 854; x_wconf 74' lang='lat' dir='ltr'>tustg</span> <span class='ocrx_word' id='word_1_36' title='bbox 926 790 991 849; x_wconf 75' lang='lat' dir='ltr'>dut,</span> <span class='ocrx_word' id='word_1_37' title='bbox 1006 805 1034 838; x_wconf 84' lang='lat' dir='ltr'>or</span> <span class='ocrx_word' id='word_1_38' title='bbox 1045 790 1084 839; x_wconf 77' lang='lat' dir='ltr'>tlte</span> 
     </span>
     <span class='ocr_line' id='line_1_6' title="bbox 250 872 609 937; baseline -0.011 -14"><span class='ocrx_word' id='word_1_39' title='bbox 250 874 387 924; x_wconf 74' lang='lat' dir='ltr'>oradellrba</span> <span class='ocrx_word' id='word_1_40' title='bbox 398 875 427 937; x_wconf 67' lang='lat' dir='ltr'>(ff</span> <span class='ocrx_word' id='word_1_41' title='bbox 434 873 499 922; x_wconf 74' lang='lat' dir='ltr'>their</span> <span class='ocrx_word' id='word_1_42' title='bbox 509 872 609 922; x_wconf 78' lang='lat' dir='ltr'>mother.</span> 
     </span>
    </p>

    <p class='ocr_par' dir='ltr' id='par_1_4' title="bbox 186 981 931 1059">
     <span class='ocr_line' id='line_1_7' title="bbox 186 981 931 1059; baseline 0.004 -22"><span class='ocrx_word' id='word_1_43' title='bbox 186 981 294 1039; x_wconf 88' lang='lat' dir='ltr'>Multos</span> <span class='ocrx_word' id='word_1_44' title='bbox 307 1001 388 1056; x_wconf 90' lang='lat' dir='ltr'>porro</span> <span class='ocrx_word' id='word_1_45' title='bbox 401 984 487 1056; x_wconf 85' lang='lat' dir='ltr'>vides,</span> <span class='ocrx_word' id='word_1_46' title='bbox 504 1004 572 1058; x_wconf 87' lang='lat' dir='ltr'>quos</span> <span class='ocrx_word' id='word_1_47' title='bbox 585 1004 668 1059; x_wconf 89' lang='lat' dir='ltr'>saepe</span> <span class='ocrx_word' id='word_1_48' title='bbox 682 986 776 1043; x_wconf 88' lang='lat' dir='ltr'>elusus</span> <span class='ocrx_word' id='word_1_49' title='bbox 790 985 826 1042; x_wconf 83' lang='lat' dir='ltr'>ad</span> <span class='ocrx_word' id='word_1_50' title='bbox 839 986 931 1057; x_wconf 87' lang='lat' dir='ltr'>ipsum</span> 
     </span>
    </p>

    <p class='ocr_par' dir='ltr' id='par_1_5' title="bbox 185 1079 851 1156">
     <span class='ocr_line' id='line_1_8' title="bbox 185 1079 851 1156; baseline 0.005 -21"><span class='ocrx_word' id='word_1_51' title='bbox 185 1079 304 1136; x_wconf 83' lang='lat' dir='ltr'>creditor</span> <span class='ocrx_word' id='word_1_52' title='bbox 317 1081 463 1138; x_wconf 87' lang='lat' dir='ltr'>introitum</span> <span class='ocrx_word' id='word_1_53' title='bbox 478 1082 549 1140; x_wconf 88' lang='lat' dir='ltr'>solet</span> <span class='ocrx_word' id='word_1_54' title='bbox 563 1089 722 1156; x_wconf 85' lang='lat' dir='ltr'>exspectare</span> <span class='ocrx_word' id='word_1_55' title='bbox 736 1083 851 1153; x_wconf 91' lang='lat' dir='ltr'>macelli,</span> 
     </span>
    </p>

    <p class='ocr_par' dir='ltr' id='par_1_6' title="bbox 186 1178 841 1254">
     <span class='ocr_line' id='line_1_9' title="bbox 186 1178 841 1254; baseline 0.006 -20"><span class='ocrx_word' id='word_1_56' title='bbox 186 1182 215 1234; x_wconf 88' lang='lat' dir='ltr'>et</span> <span class='ocrx_word' id='word_1_57' title='bbox 229 1178 330 1251; x_wconf 92' lang='lat' dir='ltr'>quibus</span> <span class='ocrx_word' id='word_1_58' title='bbox 343 1180 373 1235; x_wconf 93' lang='lat' dir='ltr'>in</span> <span class='ocrx_word' id='word_1_59' title='bbox 387 1179 446 1235; x_wconf 88' lang='lat' dir='ltr'>solo</span> <span class='ocrx_word' id='word_1_60' title='bbox 459 1180 572 1237; x_wconf 82' lang='lat' dir='ltr'>vivendi</span> <span class='ocrx_word' id='word_1_61' title='bbox 586 1199 669 1238; x_wconf 87' lang='lat' dir='ltr'>causa</span> <span class='ocrx_word' id='word_1_62' title='bbox 682 1181 776 1254; x_wconf 87' lang='lat' dir='ltr'>palato</span> <span class='ocrx_word' id='word_1_63' title='bbox 790 1186 841 1238; x_wconf 85' lang='lat' dir='ltr'>est.</span> 
     </span>
    </p>

    <p class='ocr_par' dir='ltr' id='par_1_7' title="bbox 186 1275 885 1350">
     <span class='ocr_line' id='line_1_10' title="bbox 186 1275 885 1350; baseline 0.006 -19"><span class='ocrx_word' id='word_1_64' title='bbox 186 1275 321 1348; x_wconf 77' lang='lat' dir='ltr'>Egregius</span> <span class='ocrx_word' id='word_1_65' title='bbox 334 1281 415 1333; x_wconf 88' lang='lat' dir='ltr'>cenat</span> <span class='ocrx_word' id='word_1_66' title='bbox 429 1277 582 1350; x_wconf 80' lang='lat' dir='ltr'>meliusque</span> <span class='ocrx_word' id='word_1_67' title='bbox 595 1279 765 1336; x_wconf 86' lang='lat' dir='ltr'>miserrimus</span> <span class='ocrx_word' id='word_1_68' title='bbox 779 1278 885 1350; x_wconf 90' lang='lat' dir='ltr'>horum,</span> 
     </span>
    </p>

    <p class='ocr_par' dir='ltr' id='par_1_8' title="bbox 186 1374 758 1447">
     <span class='ocr_line' id='line_1_11' title="bbox 186 1374 758 1447; baseline 0.007 -18"><span class='ocrx_word' id='word_1_69' title='bbox 186 1377 215 1429; x_wconf 91' lang='lat' dir='ltr'>et</span> <span class='ocrx_word' id='word_1_70' title='bbox 229 1374 284 1430; x_wconf 94' lang='lat' dir='ltr'>cito</span> <span class='ocrx_word' id='word_1_71' title='bbox 298 1391 410 1431; x_wconf 87' lang='lat' dir='ltr'>casurus</span> <span class='ocrx_word' id='word_1_72' title='bbox 426 1375 484 1431; x_wconf 88' lang='lat' dir='ltr'>iam</span> <span class='ocrx_word' id='word_1_73' title='bbox 498 1375 657 1447; x_wconf 83' lang='lat' dir='ltr'>perlucente</span> <span class='ocrx_word' id='word_1_74' title='bbox 671 1377 758 1432; x_wconf 89' lang='lat' dir='ltr'>ruina.</span> 
     </span>
    </p>

    <p class='ocr_par' dir='ltr' id='par_1_9' title="bbox 187 1470 890 1546">
     <span class='ocr_line' id='line_1_12' title="bbox 187 1470 890 1546; baseline 0.003 -19"><span class='ocrx_word' id='word_1_75' title='bbox 187 1470 299 1528; x_wconf 86' lang='lat' dir='ltr'>Interea</span> <span class='ocrx_word' id='word_1_76' title='bbox 311 1478 412 1544; x_wconf 88' lang='lat' dir='ltr'>gustus</span> <span class='ocrx_word' id='word_1_77' title='bbox 425 1471 564 1529; x_wconf 89' lang='lat' dir='ltr'>elementa</span> <span class='ocrx_word' id='word_1_78' title='bbox 577 1491 626 1546; x_wconf 88' lang='lat' dir='ltr'>per</span> <span class='ocrx_word' id='word_1_79' title='bbox 640 1474 732 1530; x_wconf 89' lang='lat' dir='ltr'>omnia</span> <span class='ocrx_word' id='word_1_80' title='bbox 745 1478 890 1546; x_wconf 85' lang='lat' dir='ltr'>quaerunt,</span> 
     </span>
    </p>

    <p class='ocr_par' dir='ltr' id='par_1_10' title="bbox 186 1572 942 1645">
     <span class='ocr_line' id='line_1_13' title="bbox 186 1572 942 1645; baseline 0.001 -18"><span class='ocrx_word' id='word_1_81' title='bbox 186 1589 338 1644; x_wconf 86' lang='lat' dir='ltr'>numquam</span> <span class='ocrx_word' id='word_1_82' title='bbox 353 1572 445 1628; x_wconf 90' lang='lat' dir='ltr'>animo</span> <span class='ocrx_word' id='word_1_83' title='bbox 459 1573 556 1645; x_wconf 85' lang='lat' dir='ltr'>pretiis</span> <span class='ocrx_word' id='word_1_84' title='bbox 571 1573 767 1630; x_wconf 89' lang='lat' dir='ltr'>obstantibus:</span> <span class='ocrx_word' id='word_1_85' title='bbox 788 1573 904 1630; x_wconf 89' lang='lat' dir='ltr'>interius</span> <span class='ocrx_word' id='word_1_86' title='bbox 918 1573 942 1629; x_wconf 90' lang='lat' dir='ltr'>si</span> 
     </span>
    </p>

    <p class='ocr_par' dir='ltr' id='par_1_11' title="bbox 186 1667 953 1744">
     <span class='ocr_line' id='line_1_14' title="bbox 186 1667 953 1744; baseline 0.005 -21"><span class='ocrx_word' id='word_1_87' title='bbox 186 1667 323 1740; x_wconf 89' lang='lat' dir='ltr'>attendas,</span> <span class='ocrx_word' id='word_1_88' title='bbox 339 1669 429 1741; x_wconf 84' lang='lat' dir='ltr'>magis</span> <span class='ocrx_word' id='word_1_89' title='bbox 442 1668 492 1725; x_wconf 90' lang='lat' dir='ltr'>illa</span> <span class='ocrx_word' id='word_1_90' title='bbox 505 1670 612 1740; x_wconf 84' lang='lat' dir='ltr'>iuvant,</span> <span class='ocrx_word' id='word_1_91' title='bbox 630 1688 700 1741; x_wconf 88' lang='lat' dir='ltr'>quae</span> <span class='ocrx_word' id='word_1_92' title='bbox 714 1668 802 1744; x_wconf 87' lang='lat' dir='ltr'>plmis</span> <span class='ocrx_word' id='word_1_93' title='bbox 815 1674 953 1727; x_wconf 91' lang='lat' dir='ltr'>emuntur.</span> 
     </span>
    </p>

    <p class='ocr_par' dir='ltr' id='par_1_12' title="bbox 187 1761 1007 1835">
     <span class='ocr_line' id='line_1_15' title="bbox 187 1761 1007 1835; baseline 0.004 -19"><span class='ocrx_word' id='word_1_94' title='bbox 187 1761 261 1833; x_wconf 86' lang='lat' dir='ltr'>Ergo</span> <span class='ocrx_word' id='word_1_95' title='bbox 275 1761 350 1818; x_wconf 89' lang='lat' dir='ltr'>haud</span> <span class='ocrx_word' id='word_1_96' title='bbox 364 1762 475 1819; x_wconf 88' lang='lat' dir='ltr'>difficile</span> <span class='ocrx_word' id='word_1_97' title='bbox 489 1767 533 1820; x_wconf 89' lang='lat' dir='ltr'>est</span> <span class='ocrx_word' id='word_1_98' title='bbox 546 1763 699 1835; x_wconf 87' lang='lat' dir='ltr'>perituram</span> <span class='ocrx_word' id='word_1_99' title='bbox 714 1780 848 1820; x_wconf 81' lang='lat' dir='ltr'>arcessere</span> <span class='ocrx_word' id='word_1_100' title='bbox 862 1781 1007 1835; x_wconf 89' lang='lat' dir='ltr'>summam,</span> 
     </span>
    </p>

    <p class='ocr_par' dir='ltr' id='par_1_13' title="bbox 185 1857 877 1932">
     <span class='ocr_line' id='line_1_16' title="bbox 185 1857 877 1932; baseline 0.004 -18"><span class='ocrx_word' id='word_1_101' title='bbox 185 1857 313 1915; x_wconf 88' lang='lat' dir='ltr'>lancibus</span> <span class='ocrx_word' id='word_1_102' title='bbox 327 1859 461 1931; x_wconf 88' lang='lat' dir='ltr'>oppositis</span> <span class='ocrx_word' id='word_1_103' title='bbox 476 1860 521 1917; x_wconf 87' lang='lat' dir='ltr'>vel</span> <span class='ocrx_word' id='word_1_104' title='bbox 535 1860 634 1916; x_wconf 88' lang='lat' dir='ltr'>matris</span> <span class='ocrx_word' id='word_1_105' title='bbox 647 1860 767 1932; x_wconf 85' lang='lat' dir='ltr'>imagine</span> <span class='ocrx_word' id='word_1_106' title='bbox 781 1860 877 1932; x_wconf 89' lang='lat' dir='ltr'>fracta,</span> 
     </span>
    </p>

    <p class='ocr_par' dir='ltr' id='par_1_14' title="bbox 187 1954 843 2030">
     <span class='ocr_line' id='line_1_17' title="bbox 187 1954 843 2030; baseline 0.002 -18"><span class='ocrx_word' id='word_1_107' title='bbox 187 1959 215 2013; x_wconf 91' lang='lat' dir='ltr'>et</span> <span class='ocrx_word' id='word_1_108' title='bbox 230 1954 441 2029; x_wconf 85' lang='lat' dir='ltr'>quadringentis</span> <span class='ocrx_word' id='word_1_109' title='bbox 454 1958 576 2015; x_wconf 87' lang='lat' dir='ltr'>nummis</span> <span class='ocrx_word' id='word_1_110' title='bbox 591 1956 701 2014; x_wconf 89' lang='lat' dir='ltr'>condire</span> <span class='ocrx_word' id='word_1_111' title='bbox 715 1956 843 2030; x_wconf 88' lang='lat' dir='ltr'>gulosum</span> 
     </span>
    </p>

    <p class='ocr_par' dir='ltr' id='par_1_15' title="bbox 186 2050 800 2123">
     <span class='ocr_line' id='line_1_18' title="bbox 186 2050 800 2123; baseline 0.005 -17"><span class='ocrx_word' id='word_1_112' title='bbox 186 2050 290 2123; x_wconf 72' lang='lat' dir='ltr'>fictile,</span> <span class='ocrx_word' id='word_1_113' title='bbox 312 2050 351 2106; x_wconf 90' lang='lat' dir='ltr'>sic</span> <span class='ocrx_word' id='word_1_114' title='bbox 364 2051 481 2107; x_wconf 83' lang='lat' dir='ltr'>veniunt</span> <span class='ocrx_word' id='word_1_115' title='bbox 494 2052 531 2108; x_wconf 86' lang='lat' dir='ltr'>ad</span> <span class='ocrx_word' id='word_1_116' title='bbox 545 2051 720 2110; x_wconf 87' lang='lat' dir='ltr'>miscellanea</span> <span class='ocrx_word' id='word_1_117' title='bbox 733 2051 800 2109; x_wconf 92' lang='lat' dir='ltr'>ludi.</span> 
     </span>
    </p>
   </div>
   <div class='ocr_carea' id='block_1_4' title="bbox 187 2248 1022 2311">
    <p class='ocr_par' dir='ltr' id='par_1_16' title="bbox 187 2248 1022 2311">
     <span class='ocr_line' id='line_1_19' title="bbox 187 2248 1022 2311; baseline 0 -14"><span class='ocrx_word' id='word_1_118' title='bbox 187 2248 356 2298; x_wconf 69' lang='lat' dir='ltr'>msc-For</span> <span class='ocrx_word' id='word_1_119' title='bbox 366 2249 406 2297; x_wconf 83' lang='lat' dir='ltr'>all</span> <span class='ocrx_word' id='word_1_120' title='bbox 415 2250 476 2298; x_wconf 79' lang='grc'><strong>11111</strong></span> <span class='ocrx_word' id='word_1_121' title='bbox 486 2266 543 2299; x_wconf 82' lang='lat' dir='ltr'>meo</span> <span class='ocrx_word' id='word_1_122' title='bbox 553 2252 629 2311; x_wconf 79' lang='grc' dir='ltr'>γνῶθι</span> <span class='ocrx_word' id='word_1_123' title='bbox 641 2250 741 2299; x_wconf 83' lang='grc' dir='ltr'>σεαυτόν</span> <span class='ocrx_word' id='word_1_124' title='bbox 753 2249 845 2298; x_wconf 70' lang='lat' dir='ltr'>should</span> <span class='ocrx_word' id='word_1_125' title='bbox 856 2249 881 2297; x_wconf 81' lang='lat' dir='ltr'>be</span> <span class='ocrx_word' id='word_1_126' title='bbox 892 2249 931 2297; x_wconf 72' lang='lat' dir='ltr'>ua</span> <span class='ocrx_word' id='word_1_127' title='bbox 942 2254 1022 2298; x_wconf 80' lang='lat' dir='ltr'>molto.</span> 
     </span>
    </p>
   </div>
   <div class='ocr_carea' id='block_1_5' title="bbox 160 2351 993 3517">
    <p class='ocr_par' dir='ltr' id='par_1_17' title="bbox 187 2351 993 2538">
     <span class='ocr_line' id='line_1_20' title="bbox 187 2351 993 2439; baseline 0 -18"><span class='ocrx_word' id='word_1_128' title='bbox 187 2364 285 2422; x_wconf 86' lang='lat' dir='ltr'>Refert</span> <span class='ocrx_word' id='word_1_129' title='bbox 298 2351 370 2438; x_wconf 83' lang='lat' dir='ltr'>ergo,</span> <span class='ocrx_word' id='word_1_130' title='bbox 387 2367 449 2439; x_wconf 91' lang='lat' dir='ltr'>quis</span> <span class='ocrx_word' id='word_1_131' title='bbox 463 2366 531 2423; x_wconf 88' lang='lat' dir='ltr'>haec</span> <span class='ocrx_word' id='word_1_132' title='bbox 545 2367 641 2423; x_wconf 83' lang='lat' dir='ltr'>eadem</span> <span class='ocrx_word' id='word_1_133' title='bbox 655 2372 752 2439; x_wconf 89' lang='lat' dir='ltr'>paret:</span> <span class='ocrx_word' id='word_1_134' title='bbox 773 2366 803 2422; x_wconf 94' lang='lat' dir='ltr'>in</span> <span class='ocrx_word' id='word_1_135' title='bbox 817 2365 914 2421; x_wconf 88' lang='lat' dir='ltr'>Rutilo</span> <span class='ocrx_word' id='word_1_136' title='bbox 928 2384 993 2422; x_wconf 89' lang='lat' dir='ltr'>nam</span> 
     </span>
     <span class='ocr_line' id='line_1_21' title="bbox 187 2464 823 2538; baseline 0.003 -19"><span class='ocrx_word' id='word_1_137' title='bbox 187 2464 298 2521; x_wconf 87' lang='lat' dir='ltr'>luxuria</span> <span class='ocrx_word' id='word_1_138' title='bbox 311 2471 362 2538; x_wconf 86' lang='lat' dir='ltr'>est,</span> <span class='ocrx_word' id='word_1_139' title='bbox 378 2466 408 2522; x_wconf 90' lang='grc'>111</span> <span class='ocrx_word' id='word_1_140' title='bbox 422 2466 555 2523; x_wconf 89' lang='lat' dir='ltr'>Ventidio</span> <span class='ocrx_word' id='word_1_141' title='bbox 569 2465 709 2522; x_wconf 89' lang='lat' dir='ltr'>laudabile</span> <span class='ocrx_word' id='word_1_142' title='bbox 723 2483 823 2521; x_wconf 90' lang='lat' dir='ltr'>nomen</span> 
     </span>
    </p>

    <p class='ocr_par' dir='ltr' id='par_1_18' title="bbox 187 2562 939 2930">
     <span class='ocr_line' id='line_1_22' title="bbox 187 2562 937 2635; baseline 0 -16"><span class='ocrx_word' id='word_1_143' title='bbox 187 2564 273 2621; x_wconf 90' lang='lat' dir='ltr'>sumit</span> <span class='ocrx_word' id='word_1_144' title='bbox 287 2569 316 2621; x_wconf 95' lang='lat' dir='ltr'>et</span> <span class='ocrx_word' id='word_1_145' title='bbox 329 2582 347 2620; x_wconf 91' lang='lat' dir='ltr'>a</span> <span class='ocrx_word' id='word_1_146' title='bbox 360 2582 443 2622; x_wconf 89' lang='lat' dir='ltr'>censu</span> <span class='ocrx_word' id='word_1_147' title='bbox 457 2565 560 2621; x_wconf 88' lang='lat' dir='ltr'>famam</span> <span class='ocrx_word' id='word_1_148' title='bbox 574 2563 671 2622; x_wconf 83' lang='lat' dir='ltr'>trahit.</span> <span class='ocrx_word' id='word_1_149' title='bbox 715 2562 801 2620; x_wconf 88' lang='lat' dir='ltr'>Illum</span> <span class='ocrx_word' id='word_1_150' title='bbox 815 2580 865 2635; x_wconf 88' lang='lat' dir='ltr'>ego</span> <span class='ocrx_word' id='word_1_151' title='bbox 878 2563 937 2620; x_wconf 89' lang='lat' dir='ltr'>iure</span> 
     </span>
     <span class='ocr_line' id='line_1_23' title="bbox 188 2660 859 2736; baseline -0.003 -18"><span class='ocrx_word' id='word_1_152' title='bbox 188 2661 344 2735; x_wconf 82' lang='lat' dir='ltr'>despiciam,</span> <span class='ocrx_word' id='word_1_153' title='bbox 360 2663 408 2736; x_wconf 90' lang='lat' dir='ltr'>qui</span> <span class='ocrx_word' id='word_1_154' title='bbox 422 2664 483 2734; x_wconf 89' lang='lat' dir='ltr'>scit,</span> <span class='ocrx_word' id='word_1_155' title='bbox 499 2667 605 2736; x_wconf 88' lang='lat' dir='ltr'>quanto</span> <span class='ocrx_word' id='word_1_156' title='bbox 618 2661 763 2718; x_wconf 88' lang='lat' dir='ltr'>sublimior</span> <span class='ocrx_word' id='word_1_157' title='bbox 777 2660 859 2717; x_wconf 82' lang='lat' dir='ltr'>Atlas</span> 
     </span>
     <span class='ocr_line' id='line_1_24' title="bbox 188 2758 939 2833; baseline -0.001 -18"><span class='ocrx_word' id='word_1_158' title='bbox 188 2759 316 2816; x_wconf 89' lang='lat' dir='ltr'>omnibus</span> <span class='ocrx_word' id='word_1_159' title='bbox 330 2759 360 2816; x_wconf 92' lang='lat' dir='ltr'>in</span> <span class='ocrx_word' id='word_1_160' title='bbox 374 2759 464 2833; x_wconf 86' lang='lat' dir='ltr'>Libya</span> <span class='ocrx_word' id='word_1_161' title='bbox 478 2760 516 2817; x_wconf 89' lang='lat' dir='ltr'>sit</span> <span class='ocrx_word' id='word_1_162' title='bbox 529 2759 681 2827; x_wconf 88' lang='lat' dir='ltr'>montibus,</span> <span class='ocrx_word' id='word_1_163' title='bbox 696 2758 742 2815; x_wconf 91' lang='lat' dir='ltr'>hic</span> <span class='ocrx_word' id='word_1_164' title='bbox 756 2762 851 2815; x_wconf 85' lang='lat' dir='ltr'>tamen</span> <span class='ocrx_word' id='word_1_165' title='bbox 865 2758 939 2815; x_wconf 91' lang='lat' dir='ltr'>idem</span> 
     </span>
     <span class='ocr_line' id='line_1_25' title="bbox 187 2856 801 2930; baseline -0.003 -16"><span class='ocrx_word' id='word_1_166' title='bbox 187 2859 303 2930; x_wconf 86' lang='lat' dir='ltr'>ignoret,</span> <span class='ocrx_word' id='word_1_167' title='bbox 319 2861 456 2930; x_wconf 87' lang='lat' dir='ltr'>quantum</span> <span class='ocrx_word' id='word_1_168' title='bbox 469 2857 574 2914; x_wconf 87' lang='lat' dir='ltr'>ferrata</span> <span class='ocrx_word' id='word_1_169' title='bbox 587 2856 674 2913; x_wconf 87' lang='lat' dir='ltr'>distet</span> <span class='ocrx_word' id='word_1_170' title='bbox 688 2856 724 2912; x_wconf 90' lang='lat' dir='ltr'>ab</span> <span class='ocrx_word' id='word_1_171' title='bbox 738 2874 801 2912; x_wconf 89' lang='lat' dir='ltr'>arca</span> 
     </span>
    </p>

    <p class='ocr_par' dir='ltr' id='par_1_19' title="bbox 160 2949 896 3517">
     <span class='ocr_line' id='line_1_26' title="bbox 160 2949 882 3030; baseline -0.007 -18"><span class='ocrx_word' id='word_1_172' title='bbox 160 3017 161 3024; x_wconf 42' lang='lat'>,</span> <span class='ocrx_word' id='word_1_173' title='bbox 188 2953 320 3013; x_wconf 86' lang='lat' dir='ltr'>sacculus.</span> <span class='ocrx_word' id='word_1_174' title='bbox 364 2954 388 3011; x_wconf 88' lang='lat' dir='ltr'>E</span> <span class='ocrx_word' id='word_1_175' title='bbox 403 2955 478 3011; x_wconf 85' lang='lat' dir='ltr'>eaelo</span> <span class='ocrx_word' id='word_1_176' title='bbox 492 2953 634 3012; x_wconf 87' lang='lat' dir='ltr'>descendit</span> <span class='ocrx_word' id='word_1_177' title='bbox 648 2950 738 3030; x_wconf 82' lang='grc' dir='ltr'>γνῶθι</span> <span class='ocrx_word' id='word_1_178' title='bbox 752 2949 882 3023; x_wconf 86' lang='grc' dir='ltr'>σεαυτόν,</span> 
     </span>
     <span class='ocr_line' id='line_1_27' title="bbox 188 3052 896 3126; baseline -0.003 -17"><span class='ocrx_word' id='word_1_179' title='bbox 188 3053 328 3126; x_wconf 87' lang='lat' dir='ltr'>figendum</span> <span class='ocrx_word' id='word_1_180' title='bbox 342 3057 372 3109; x_wconf 91' lang='lat' dir='ltr'>et</span> <span class='ocrx_word' id='word_1_181' title='bbox 385 3054 501 3110; x_wconf 90' lang='lat' dir='ltr'>memori</span> <span class='ocrx_word' id='word_1_182' title='bbox 515 3053 691 3109; x_wconf 87' lang='lat' dir='ltr'>tractandum</span> <span class='ocrx_word' id='word_1_183' title='bbox 705 3056 823 3126; x_wconf 89' lang='lat' dir='ltr'>pectore,</span> <span class='ocrx_word' id='word_1_184' title='bbox 837 3052 896 3108; x_wconf 80' lang='lat' dir='ltr'>sive</span> 
     </span>
     <span class='ocr_line' id='line_1_28' title="bbox 188 3149 886 3224; baseline -0.004 -17"><span class='ocrx_word' id='word_1_185' title='bbox 188 3151 345 3223; x_wconf 89' lang='lat' dir='ltr'>coniugium</span> <span class='ocrx_word' id='word_1_186' title='bbox 359 3169 474 3224; x_wconf 83' lang='lat' dir='ltr'>quaeras</span> <span class='ocrx_word' id='word_1_187' title='bbox 489 3151 533 3208; x_wconf 87' lang='lat' dir='ltr'>vel</span> <span class='ocrx_word' id='word_1_188' title='bbox 546 3152 617 3208; x_wconf 89' lang='lat' dir='ltr'>sacri</span> <span class='ocrx_word' id='word_1_189' title='bbox 631 3152 660 3206; x_wconf 92' lang='lat' dir='ltr'>in</span> <span class='ocrx_word' id='word_1_190' title='bbox 674 3156 752 3223; x_wconf 87' lang='lat' dir='ltr'>parte</span> <span class='ocrx_word' id='word_1_191' title='bbox 766 3149 886 3207; x_wconf 81' lang='lat' dir='ltr'>Senatus</span> 
     </span>
     <span class='ocr_line' id='line_1_29' title="bbox 188 3246 873 3320; baseline -0.004 -15"><span class='ocrx_word' id='word_1_192' title='bbox 188 3266 247 3305; x_wconf 87' lang='lat' dir='ltr'>esse</span> <span class='ocrx_word' id='word_1_193' title='bbox 261 3248 422 3305; x_wconf 86' lang='lat' dir='ltr'>velis—nec</span> <span class='ocrx_word' id='word_1_194' title='bbox 436 3250 510 3305; x_wconf 89' lang='lat' dir='ltr'>enim</span> <span class='ocrx_word' id='word_1_195' title='bbox 524 3249 638 3305; x_wconf 87' lang='lat' dir='ltr'>loricam</span> <span class='ocrx_word' id='word_1_196' title='bbox 653 3248 745 3320; x_wconf 88' lang='lat' dir='ltr'>poscit</span> <span class='ocrx_word' id='word_1_197' title='bbox 754 3246 873 3303; x_wconf 85' lang='lat' dir='ltr'>Achillis</span> 
     </span>
     <span class='ocr_line' id='line_1_30' title="bbox 189 3344 827 3419; baseline 0.002 -16"><span class='ocrx_word' id='word_1_198' title='bbox 189 3346 337 3419; x_wconf 81' lang='lat' dir='ltr'>Thersites,</span> <span class='ocrx_word' id='word_1_199' title='bbox 353 3347 383 3403; x_wconf 93' lang='lat' dir='ltr'>in</span> <span class='ocrx_word' id='word_1_200' title='bbox 397 3364 453 3418; x_wconf 87' lang='lat' dir='ltr'>qua</span> <span class='ocrx_word' id='word_1_201' title='bbox 466 3363 495 3403; x_wconf 85' lang='lat' dir='ltr'>se</span> <span class='ocrx_word' id='word_1_202' title='bbox 509 3345 672 3403; x_wconf 83' lang='lat' dir='ltr'>traducebat</span> <span class='ocrx_word' id='word_1_203' title='bbox 687 3344 827 3404; x_wconf 84' lang='lat' dir='ltr'>Ulixes-</span> 
     </span>
     <span class='ocr_line' id='line_1_31' title="bbox 188 3442 859 3517; baseline -0.001 -15"><span class='ocrx_word' id='word_1_204' title='bbox 188 3444 338 3517; x_wconf 85' lang='lat' dir='ltr'>ancipitem</span> <span class='ocrx_word' id='word_1_205' title='bbox 352 3461 402 3501; x_wconf 90' lang='lat' dir='ltr'>seu</span> <span class='ocrx_word' id='word_1_206' title='bbox 415 3447 448 3499; x_wconf 89' lang='lat' dir='ltr'>tu</span> <span class='ocrx_word' id='word_1_207' title='bbox 462 3460 562 3515; x_wconf 85' lang='lat' dir='ltr'>magno</span> <span class='ocrx_word' id='word_1_208' title='bbox 576 3442 734 3503; x_wconf 84' lang='lat' dir='ltr'>discrimine</span> <span class='ocrx_word' id='word_1_209' title='bbox 749 3462 859 3502; x_wconf 87' lang='lat' dir='ltr'>causam</span> 
     </span>
    </p>
   </div>
   <div class='ocr_carea' id='block_1_6' title="bbox 0 0 1250 3950">
    <p class='ocr_par' dir='ltr' id='par_1_20' title="bbox 0 0 1250 3950">
     <span class='ocr_line' id='line_1_32' title="bbox 0 0 1250 3950; baseline 0 0"><span class='ocrx_word' id='word_1_210' title='bbox 0 0 1250 3950; x_wconf 95' lang='lat' dir='ltr'> </span> 
     </span>
    </p>
   </div>
  </div>
 </body>
</html>
