2484 3950
482 314 617 365 SATURA
635 314 689 364 XII

130 480 180 535 per
194 466 287 519 totum
301 479 406 518 cessare
421 461 515 519 dieml
533 480 587 519 non
602 462 704 519 fenoris
718 461 776 518 ulla

131 559 245 631 mentio,
261 577 319 630 nec,
335 560 425 632 prima
438 560 463 615 si
477 558 539 616 luce
554 577 663 632 egressa
675 559 779 616 reverti

131 662 213 714 nocte
226 657 306 728 solet,
323 659 410 714 tacito
424 657 510 715 bilem
524 658 578 715 tibi
592 657 740 715 contrahat
753 677 831 717 uxor.

133 756 265 812 Protinus
279 760 344 813 ante
358 774 459 827 meum,
476 756 612 828 quidquid
627 756 711 828 dolet,
726 774 796 813 exue
810 755 912 813 limen:

132 873 203 927 pone
217 854 331 910 domurn
345 859 375 910 et
388 871 482 910 servos
495 859 525 910 et
539 853 675 926 quidquid
688 853 827 924 frangitur
840 853 897 909 illis

132 957 183 1009 aut
196 952 286 1024 perit:
308 952 432 1023 ingratos
446 956 513 1008 aute
527 952 619 1008 omnia
633 970 704 1024 pone
718 950 833 1009 sodales.

135 1106 340 1155 maaca-lta
350 1106 428 1154 wlcole
441 1107 491 1168 city
505 1106 529 1154 ia
543 1110 570 1154 ot
587 1106 626 1154 tlte
642 1106 797 1168 Megalesion
807 1121 908 1168 pomam
924 1105 955 1168 dy
971 1105 1037 1154 their

197 1183 437 1232 almatcllcaowtlw
448 1199 520 1245 preca
530 1183 673 1242 hacccccru
690 1184 733 1232 dat
744 1182 1037 1244 aacdcacc’tcmcataasor

197 1261 237 1310 the
247 1276 337 1323 poaap.
370 1262 416 1310 Lat
423 1276 454 1309 aa
466 1261 525 1310 back
535 1263 566 1310 c'a
576 1261 616 1311 tta
626 1276 682 1319 aaa,
692 1262 745 1310 arad
755 1276 784 1325 po
794 1262 864 1324 curly
873 1266 896 1311 to
905 1261 943 1310 tlte
955 1261 1033 1310 batha.

175 1375 288 1431 Interea
301 1374 501 1448 Megalesiacae
515 1374 674 1447 spectacula
688 1393 811 1447 mappae,

135 1473 252 1530 Idaeum
266 1472 407 1543 sollemne,
423 1472 526 1543 colunt,
543 1473 698 1545 similisque
712 1472 854 1546 triumpho

134 1570 237 1646 praeda
251 1569 421 1628 caballorum
434 1576 546 1643 praetor
559 1570 639 1627 sedet
653 1589 692 1643 ac,
709 1571 778 1627 mihi
791 1588 858 1643 pace
1001 1597 1036 1638 19⁵

135 1671 286 1725 immensae
299 1668 456 1740 nimiaeque
469 1667 536 1725 licet
549 1669 574 1725 si
587 1668 677 1725 dicere
691 1668 788 1741 plebis,

135 1773 226 1825 totam
240 1766 323 1823 hodie
338 1766 457 1823 Romam
471 1767 559 1823 circus
573 1767 649 1841 capit
663 1772 693 1824 et
706 1767 798 1840 fragor
811 1785 906 1825 aurem

135 1864 265 1938 percutit,
281 1869 414 1921 eventum
428 1863 525 1920 viridis
539 1882 594 1936 quo
609 1864 708 1937 colligo
721 1865 813 1937 panni

136 1962 212 2019 Nam
226 1962 250 2019 si
264 1961 400 2034 deficeret,
417 1966 553 2019 maestam
567 1963 773 2036 attonitamque
786 1962 895 2021 videres

136 2059 208 2116 hanc
221 2059 326 2130 urbem,
342 2059 432 2116 veluti
448 2058 607 2117 (launacum
621 2060 651 2116 in
665 2060 778 2133 pulvere
792 2061 876 2118 victis
1000 2091 1037 2119 ιω

136 2156 302 2216 consulibua
347 2157 480 2229 Spectant
495 2157 618 2228 iuvenes,
633 2175 701 2230 quos
715 2156 819 2215 clamor
832 2164 861 2216 et
875 2158 968 2216 audax

136 2255 254 2329 sponsio,
270 2273 339 2327 quos
354 2254 445 2311 cultae
459 2254 539 2311 decet
553 2253 693 2311 adsedisse
706 2254 833 2327 puellae:

136 2358 232 2410 nostra
245 2353 324 2410 bibat
338 2370 455 2410 vernum
469 2355 612 2409 contracta
627 2352 749 2410 cuticula
762 2352 849 2411 solem

137 2451 306 2524 effugiatque
320 2455 422 2538 togam:
466 2449 529 2506 Iam
543 2467 616 2506 nunc
630 2449 660 2505 in
674 2449 782 2520 balnea,
796 2450 875 2508 salva

136 2549 236 2622 fronte,
252 2548 318 2605 licet
333 2548 427 2619 vadas,
444 2565 614 2620 quamquam
628 2546 717 2604 solida
729 2547 798 2604 hora
811 2548 931 2620 supersit
1000 2578 1037 2616 ως

137 2647 304 2704 adsertam.
348 2645 449 2703 Facere
463 2644 515 2702 hoc
529 2663 585 2702 non
598 2646 688 2718 possis
702 2645 824 2718 quinque
838 2645 936 2703 diebus

137 2744 286 2815 continuis,
300 2744 365 2816 quia
378 2748 445 2800 sunt
459 2743 525 2799 talis
539 2761 649 2816 quoque
664 2743 762 2800 taedia·
771 2743 846 2800 vitae

138 2861 257 2915 magna3
277 2839 437 2914 voluptates
451 2840 629 2898 commendat
643 2842 730 2897 rarior
743 2860 817 2899 usus.

469 3071 626 3129 SATURA
646 3072 708 3130 XII

139 3205 204 3253 1-16.
209 3203 266 3252 -Α
279 3203 387 3264 sacraflce
397 3204 420 3251 is
431 3204 516 3265 raray,
533 3202 662 3264 Oorciacs,
677 3208 700 3252 to
710 3203 875 3254 celebratatae
886 3207 939 3268 sose
950 3209 1037 3255 rauca

203 3282 233 3345 of
241 3281 358 3330 t'ctullca
364 3299 375 3340 ;
392 3281 412 3329 I
419 3281 503 3331 would
514 3283 535 3329 it
546 3296 609 3329 were
619 3297 637 3329 a
647 3281 745 3331 costlc'er
756 3297 807 3331 occe.

140 3399 270 3471 Nurum,
288 3397 414 3470 Corvino,
431 3397 475 3454 die
489 3397 559 3454 mihi
572 3397 679 3456 dulcior
693 3398 760 3455 haec
773 3398 830 3473 lux,

140 3515 195 3570 qua
208 3498 297 3554 festus
310 3495 447 3568 promissa
460 3494 520 3552 deis
533 3496 666 3555 animalia
679 3515 788 3572 caespes
