2484 3950
198 308 246 354 112
466 305 497 354 D.
520 304 613 355 IUNII
633 305 823 356 IUVENALIS

197 455 226 507 ct
240 451 344 507 similes
358 450 399 506 ira
413 455 498 522 atque
511 451 606 507 sames.
651 451 817 508 Mollissime
831 452 913 508 corda

197 548 320 606 humano
333 548 426 621 generi
440 547 505 604 dare
520 566 549 604 se
562 553 664 605 natura
676 548 790 620 fatetur,

198 663 267 716 quae
281 644 408 701 lacrimas
421 645 517 702 dedit:
539 646 606 702 haec
620 647 708 703 nostri
722 665 786 719 pars
800 647 906 718 optimu
919 664 1023 705 sensus.

198 742 309 800 Plorare
324 761 388 816 ergo
402 743 480 801 iubet
495 762 605 800 eausam
619 744 736 802 dicentis
750 744 832 801 amici

197 840 406 914 squaloremque
420 842 467 911 rei,
484 841 621 913 pupillum
636 841 672 898 ad
685 842 746 897 iura
760 846 906 899 vocantem
1061 869 1096 908 13⁵

198 937 468 1011 circumscriptorem,
485 938 562 994 cuius
577 939 721 995 manantia
733 938 803 995 fletu

197 1053 246 1091 ora
258 1034 393 1108 puellares
407 1035 514 1092 faciunt
528 1036 635 1092 incerta
648 1035 747 1108 capilli.
863 1014 866 1029 ⁴

198 1132 323 1189 Naturae
336 1133 450 1206 imperio
464 1134 608 1205 gemimus,
625 1153 688 1190 cum
701 1135 785 1191 funus
799 1134 911 1191 adultae

197 1230 312 1302 virginis
326 1231 451 1302 occumit,
464 1231 510 1288 vel
523 1236 598 1288 terra
611 1230 751 1288 clauditur
764 1232 863 1304 infans,

197 1333 226 1384 et
240 1328 329 1384 minor
342 1329 405 1399 igne
419 1329 485 1400 rogi.
530 1327 599 1397 quis
613 1329 688 1385 enim
702 1329 791 1386 bonus
805 1335 834 1386 et
848 1330 906 1386 face
920 1330 1021 1402 diguus
1060 1360 1097 1397 ιφ

196 1444 303 1496 arcana,
320 1425 431 1497 qualem
446 1424 553 1482 Oereris
566 1425 630 1482 vult
645 1445 704 1484 esse
718 1426 852 1498 sacerdos,

196 1522 254 1579 ulla
267 1522 358 1580 aliena
371 1523 425 1579 sibi
439 1523 532 1580 credat
547 1523 641 1580 malal
682 1523 798 1597 Separat
811 1524 863 1581 hoc
877 1543 927 1581 nos

196 1637 214 1676 a
226 1637 308 1692 grege
321 1625 471 1692 mutorum,
487 1626 571 1692 atque
585 1621 649 1677 ideo
662 1622 819 1678 venerabile
833 1622 886 1678 soli

196 1718 288 1775 sortiti
303 1718 444 1789 ingenium
458 1717 670 1792 divinorumque
684 1738 796 1791 capaces

195 1819 280 1886 atque
294 1814 453 1871 exercendis
468 1815 660 1888 capiendisque
675 1816 783 1873 artibus
797 1818 857 1890 apti
1060 1847 1095 1885 14⁵

196 1930 307 1969 sensum
321 1931 338 1968 a
352 1912 464 1969 caelesti
479 1912 629 1970 demissum
644 1915 780 1971 traximus
795 1933 864 1986 arce,

196 2012 273 2068 cuius
288 2016 369 2084 egent
383 2030 470 2084 prona
484 2016 513 2068 et
527 2017 630 2068 terram
644 2014 807 2086 spectantia.
852 2014 954 2071 Mundi

195 2109 330 2182 principio
343 2108 461 2165 indulsit
476 2111 628 2167 eommunis
643 2111 768 2168 conditor
781 2111 838 2167 illis

196 2212 308 2264 tantum
322 2208 436 2279 animus,
453 2208 533 2265 nobis
547 2210 671 2265 animum
685 2227 801 2282 quoque,
818 2214 932 2266 mutuus
946 2214 980 2266 ut
993 2227 1044 2266 nos

196 2305 321 2362 adfectus
335 2311 428 2377 petere
443 2305 578 2362 auxilium
593 2312 621 2363 et
635 2311 776 2379 praestare
790 2306 906 2377 iuberet,
1059 2337 1096 2372 150

196 2402 332 2476 dispersos
347 2403 456 2461 trahere
469 2404 499 2459 in
512 2402 654 2476 populum,
670 2403 787 2476 migrare
801 2409 914 2460 vetusto

196 2499 230 2555 de
244 2518 354 2556 nemore
368 2504 397 2556 et
411 2501 521 2573 proavis
535 2499 677 2557 habitatas
691 2499 815 2572 linquere
829 2500 922 2573 silvas,

196 2596 340 2653 aedificare
355 2596 459 2665 domos,
475 2597 593 2654 Laribus
608 2597 772 2669 coniungere
786 2599 889 2655 nostris

196 2698 302 2751 tectum
316 2692 401 2764 aliud,
417 2698 494 2749 tutos
509 2693 598 2749 vicino
612 2693 708 2750 limine
722 2712 833 2751 somnos

195 2796 229 2847 ut
243 2790 345 2847 collata
358 2790 438 2847 daret
451 2791 561 2863 fiducia,
577 2796 721 2863 protegere
734 2793 818 2848 armis
1058 2822 1096 2860 1⁵5

195 2889 313 2961 lapsum,
329 2893 379 2944 aut
393 2888 501 2960 ingenti
515 2892 662 2945 nutantem
676 2889 789 2946 vulnere
803 2889 900 2960 civem,

196 2985 334 3041 communi
348 2984 414 3042 dare
427 2985 507 3056 signa
521 2984 597 3055 tuba,
614 2985 755 3042 defendier
769 2985 857 3043 lsdem

196 3083 327 3154 turribus,
344 3087 428 3154 atque
442 3101 498 3138 una
512 3087 655 3154 portarurn
669 3082 746 3139 clave
760 3083 857 3139 teneri.

284 3192 322 3231 134
335 3200 409 3231 casum
418 3191 514 3243 lugentis
523 3207 540 3233 c·
643 3193 680 3231 145
691 3219 696 3232 .
708 3218 715 3231 .
725 3220 731 3231 .
742 3220 748 3232 .
759 3190 821 3231 cudis
830 3191 855 3231 P.
866 3190 977 3242 capiendis
984 3200 1007 3241 p.
