2484 3950
92 264 94 267 ⁵
183 277 213 324 94
448 274 479 324 Ι).
501 275 594 326 IUNII
614 276 804 328 IUVENALIS

182 419 247 490 fllia,
264 437 334 492 quae
348 438 499 493 numquam
514 427 654 479 maternos
668 422 758 480 dicere
771 423 899 481 moechos

182 522 241 573 tam
254 517 318 587 cito,
333 536 383 575 ncc
397 524 478 576 tanto
492 522 596 593 poterit
610 526 756 579 contexere
771 540 860 594 cursu,

181 618 283 671 utnon
297 616 464 675 terdeciens
478 620 613 691 respireti
655 619 773 677 Conscia
786 621 871 677 matn'

182 712 260 784 virgo
273 712 347 771 fuit:
369 733 443 772 ceras
457 734 530 773 nunc
543 716 596 774 hac
609 717 735 775 dictante
749 717 864 791 pusillas

181 809 287 883 implet,
304 815 334 868 et
347 812 383 869 ad
397 813 542 871 moechum
556 815 606 871 dat
620 815 724 873 eisdem
739 815 810 872 ferre
823 816 951 875 cinaedis.
1054 845 1081 883 30

182 990 366 1040 31·43.-T}rr‘a
376 992 400 1040 is
410 992 521 1041 recture's
533 993 591 1053 lrrw,
604 982 722 1056 andjam,
737 993 832 1055 indeed,
847 1010 891 1043 arc
901 994 974 1043 crude
986 997 1015 1056 of
1021 995 1081 1044 suet

245 1069 302 1130 clay
313 1084 342 1117 as
353 1073 376 1118 to
387 1070 462 1118 avoid
473 1071 602 1132 pollutior
610 1073 685 1134 from
700 1071 749 1120 coil
764 1073 905 1135 exemplem
923 1072 961 1122 the
973 1073 1021 1122 bad
1031 1088 1081 1135 pore

240 1146 300 1209 find
311 1147 467 1210 everywhere,
482 1148 522 1197 rte
532 1150 593 1211 qood
603 1149 702 1200 reddero.

182 1263 228 1320 Sic
241 1268 343 1321 natura
356 1264 452 1323 iubet:
473 1265 595 1323 velocius
609 1271 639 1323 et
653 1267 736 1324 citius
750 1285 800 1324 nos

181 1365 361 1434 corrumpunt
375 1362 509 1419 vitiorum
523 1364 651 1437 exempla
665 1364 823 1438 domestico,
840 1367 949 1439 magnis

181 1476 244 1514 cum
257 1458 379 1516 subeunt
393 1460 500 1516 animos
514 1461 681 1519 auctoribus.
725 1461 808 1519 Unus
822 1466 852 1519 et
862 1462 934 1520 alter

181 1556 298 1613 forsitan
312 1556 380 1613 haec
393 1562 526 1629 spernant
540 1558 662 1629 iuvenes,
678 1558 781 1630 quibus
794 1564 855 1616 arte
868 1559 989 1632 benigna

181 1656 210 1709 et
224 1652 335 1710 meliors
349 1653 410 1710 luto
424 1654 507 1711 finxit
521 1655 680 1727 praecordia
693 1654 794 1714 Titan:
1055 1685 1080 1724 3⁵

181 1750 229 1808 sed
244 1750 364 1823 reliquos
377 1750 509 1823 fugienda
522 1757 635 1825 patrum
649 1754 769 1826 vestigia
782 1754 896 1826 ducunt,

181 1853 210 1906 et
224 1852 379 1905 monstrata
392 1849 442 1906 diu
454 1850 557 1907 veteris
572 1850 661 1907 trahit
676 1851 767 1908 orbita
780 1851 884 1926 culpae.

181 1946 331 2004 Abstineas
345 1947 433 2019 igitur
446 1946 629 2007 damnandis:
651 1947 734 2006 huius
748 1943 821 2007 enim
835 1949 880 2007 vel

180 2063 237 2101 una
249 2050 348 2118 potens
362 2045 434 2102 ratio
448 2051 499 2117 est,
515 2065 550 2104 ne
564 2046 681 2103 crimina
694 2053 790 2104 nostra
803 2052 956 2120 sequantur

181 2160 215 2199 cx
229 2142 308 2199 nobis
322 2142 427 2215 geniti:
449 2143 580 2215 quoniam
594 2143 698 2201 dociles
712 2144 857 2201 imitandis
1054 2175 1079 2211 40

181 2240 310 2312 turpibus
324 2257 355 2296 ac
369 2240 463 2313 pravis
477 2258 572 2297 omnes
586 2259 690 2314 sumus,
707 2246 737 2298 et
752 2240 903 2298 Catilinam

181 2357 343 2411 quocunque
357 2338 386 2394 in
400 2338 502 2411 populo
516 2338 618 2410 rideas,
635 2357 798 2412 quocunque
812 2340 865 2396 sub
878 2357 946 2397 axe:

180 2435 228 2493 sed
242 2454 292 2494 nec
307 2436 412 2493 Brutus
427 2438 487 2508 erit,
505 2436 586 2493 Bruti
601 2456 651 2493 nec
665 2436 819 2494 avunculus
833 2455 973 2509 umquam.

181 2617 367 2680 44·58.—Keep
377 2618 428 2680 scr
440 2618 512 2679 from
528 2617 568 2665 the
584 2632 668 2679 younp
684 2618 805 2667 wimteoer
821 2632 868 2665 care
884 2622 983 2679 corrupt
1002 2618 1074 2677 tirerrc,

244 2696 371 2745 ormense
381 2695 437 2757 they
445 2696 501 2744 will
506 2696 596 2758 follow
607 2711 672 2758 your
683 2696 805 2758 erumples
815 2696 875 2758 only
885 2695 1077 2758 tooseitirfully,

244 2775 297 2823 arrd
308 2775 365 2824 there
375 2773 437 2823 reith
447 2774 514 2823 wirot
518 2775 577 2837 sace
587 2789 635 2823 core
645 2790 695 2837 you
705 2774 794 2824 redoleo
805 2774 887 2824 tieem?

181 2891 231 2948 Nil
245 2892 323 2949 dictu
335 2892 447 2949 foedum
462 2893 577 2964 visuque
592 2892 659 2948 haec
673 2890 770 2948 limina
784 2894 891 2963 tangat,

180 2991 255 3046 intra
268 3009 339 3063 quac
353 2994 432 3063 pater
446 2994 496 3048 est.
541 2988 679 3063 Proculo,
695 2989 790 3063 procul
804 2989 869 3047 inde
883 2988 990 3062 puellae
1053 3018 1078 3056 45

179 3087 310 3145 lenonum
325 3093 354 3145 et
368 3092 466 3144 cantus
480 3088 669 3160 pernoctantis
683 3088 805 3161 parasiti.

181 3185 306 3242 Maxima
319 3186 437 3243 debetur
449 3203 534 3259 puero
548 3186 709 3243 reverentia
754 3186 785 3243 si
799 3186 866 3258 quid

181 3289 262 3356 turpe
276 3302 364 3357 paras,
380 3287 477 3341 noctu
491 3284 569 3356 puori
583 3283 779 3358 contempseris
794 3301 898 3340 annos:

548 3419 573 3456 33
586 3417 680 3458 subeant
688 3435 708 3460 a.

308 3484 333 3521 4³
346 3490 450 3532 umquam
458 3481 483 3520 P.
493 3490 616 3534 nsquamp.
627 3496 648 3521 a.
832 3481 857 3522 et
870 3490 948 3531 puers.
