2484 3950
485 368 618 419 SATURA
637 369 703 420 VIII
1011 371 1042 424 47

145 529 234 586 laudis
248 547 321 601 agas.
363 529 498 586 Miserum
512 534 556 585 est
569 528 685 587 aliorum
699 530 857 588 incumbere
870 530 960 589 famae

146 645 179 683 ue
192 626 321 699 conlapsa
335 632 417 683 ruant
431 626 575 683 subductis
589 631 665 684 tecta
678 627 820 685 columnis.

147 724 258 781 Stratus
271 724 349 780 humi
362 723 468 797 palmes
481 723 579 780 viduas
593 723 731 781 desiderat
744 724 842 784 ulmos.

146 822 215 878 Esto
228 822 316 878 bonus
330 822 416 895 mileo,
433 826 510 878 tutor
523 822 619 894 bonus,
636 822 739 878 arbiter
753 823 826 879 idem

146 920 269 991 integer,
289 910 434 991 ambiguae
449 919 472 974 si
486 918 596 991 quando
610 919 730 975 citabere
744 919 825 976 testis
1020 938 1046 977 80

146 1015 318 1087 incertaeque
332 1016 378 1087 rei
395 1014 522 1071 Phalaris
535 1015 600 1071 licet
614 1016 739 1087 imperet,
755 1020 788 1071 ut
801 1016 840 1072 sis

146 1113 239 1185 falsus,
255 1119 284 1170 et
298 1113 410 1170 admoto
423 1113 510 1170 dictet
523 1114 642 1186 periuria
656 1118 753 1170 tauro:

146 1229 284 1267 summum
298 1211 376 1267 crede
389 1210 467 1267 nefas
480 1211 602 1266 animam
616 1210 752 1282 praeferre
764 1210 864 1283 pudori

146 1313 175 1364 et
187 1313 299 1380 propter
311 1308 400 1364 vitam
414 1307 526 1364 vivendi
540 1306 651 1379 perdere
666 1324 770 1365 causas.

146 1404 255 1476 Dignus
268 1410 357 1461 morte
369 1405 449 1477 perit,
466 1409 544 1461 cenet
557 1404 622 1461 licet
637 1408 728 1461 ostrea
741 1409 853 1462 centum
1019 1424 1045 1472 ες

112 1551 114 1553 ,
146 1501 276 1559 Gaurana
289 1506 318 1558 et
333 1500 427 1558 Cosmi
440 1507 500 1558 toto
513 1505 655 1572 mergatur
667 1518 743 1560 aeno.

147 1703 333 1755 crea-Amr
349 1705 377 1767 if
390 1718 440 1765 yma
459 1717 502 1751 are
523 1704 595 1750 made
616 1717 734 1765 poceroor
752 1704 782 1766 of
795 1719 813 1750 a
828 1705 951 1766 pruciaco,
974 1719 1045 1766 epure

210 1782 248 1830 tte
260 1783 421 1843 procinctam.
462 1781 528 1829 Talea
544 1781 663 1843 wamiup
671 1782 745 1844 from
761 1781 800 1829 tlte
816 1783 1048 1846 corrdemuatioaos

210 1859 294 1910 others.

147 1990 315 2064 Exspectata
327 1989 376 2046 diu
390 1990 503 2047 tandem
517 1989 658 2062 provincia
671 2007 734 2046 cum
748 1995 776 2047 te

145 2093 278 2145 rectorem
292 2088 414 2161 accipiet,
429 2105 501 2160 pone
514 2087 571 2143 irae
581 2087 677 2144 fraena
689 2087 863 2160 modumque,

144 2204 215 2258 pone
228 2190 257 2243 et
271 2184 422 2258 avaritiae3
443 2184 570 2240 miserere
584 2183 698 2256 inopum
713 2184 898 2255 sociorum,—

145 2301 207 2339 ossa
220 2282 298 2339 vides
311 2299 402 2337 rerum
415 2280 511 2337 vacuis
525 2286 640 2337 exsucta
653 2280 832 2363 medeldis&
1020 2309 1046 2349 ῳ

145 2380 268 2453 Respice,
284 2378 351 2453 quid
365 2383 496 2434 moneant
509 2377 591 2451 leges,
608 2377 676 2450 quid
690 2379 765 2433 curia
779 2377 900 2449 mandet,

144 2476 267 2551 praemia
280 2480 385 2548 quanta
398 2474 484 2531 bonos
497 2477 636 2544 maneant,
653 2491 736 2546 quam
750 2473 866 2530 fulmine
882 2475 957 2532 iusto

144 2580 173 2632 et
189 2573 288 2645 Capito
301 2577 330 2629 et
345 2572 477 2628 Numitor
490 2571 604 2643 ruerint,
621 2570 771 2627 damnante
786 2570 898 2642 Senatu,

144 2673 251 2745 piratae
266 2670 392 2729 Officum.

144 2875 324 2928 rear—Ana
339 2880 377 2938 pet
388 2875 455 2923 rotat
470 2876 530 2937 pood
545 2890 620 2924 comes
634 2876 664 2938 of
676 2875 740 2924 thore
756 2875 961 2935 coademrmtioar,
975 2874 1046 2923 when

209 2954 267 3003 euch
288 2968 406 3002 mtceeraor
427 2954 481 3001 doec
503 2952 542 3002 the
563 2956 648 3002 scote?
684 2953 735 3001 Tbc
750 2968 812 3015 poor
829 2953 973 3015 promereat
993 2952 1047 3003 tac

211 3034 282 3082 better
292 3032 368 3093 suffer
378 3033 409 3079 io
418 3032 512 3081 ailam

448 3158 503 3216 sed
518 3158 584 3232 quid
598 3160 740 3215 damuatio
754 3159 867 3231 confert,

143 3278 208 3317 crnn
223 3258 315 3315 Pansa
329 3258 435 3329 eripiat,
452 3256 587 3328 quidquid
601 3256 654 3312 tibi
668 3256 759 3312 Natta
773 3255 903 3328 reliquiti
1020 3281 1045 3323 95

144 3357 321 3425 Praeconem,
339 3353 499 3425 Chaerippe
515 3354 572 3409 tuis
586 3353 762 3423 circumspice
776 3352 882 3423 pannis,

143 3454 257 3525 iamque
271 3457 350 3508 tace:
371 3450 447 3506 furor
461 3455 504 3505 est
517 3454 580 3521 post
595 3449 688 3505 omnia
700 3447 812 3521 perdere
826 3447 948 3506 naulum.

466 3569 491 3608 90
504 3578 576 3608 rerum
585 3568 609 3607 P.
620 3578 695 3618 regum
703 3584 724 3608 a.
