2484 3950
164 230 245 314 ‘aba‘
395 230 486 313 ΞΗ).
507 230 601 356 uum
621 265 811 318 ruvnulnrs

98 379 847 490 ἱσῇς,Ἑῑξιῇαιῑιιῑὰιη,(,ῑρᾱρμψῃιῃςεῑιῑιῃῑιιωεειι·ει
1049 443 1087 471 220

187 505 329 561 mortifera
343 523 405 562 oum
419 506 484 563 dote
498 507 583 566 subit.
627 508 735 578 Quibus
749 510 799 567 illa
811 516 952 583 premetur

186 620 235 674 per
248 619 376 659 somnum
390 603 503 676 digitis!
524 623 588 662 nam
604 623 675 677 quae
689 612 816 679 terraque
833 610 957 682 marique

185 698 356 770 adquirenda
368 705 458 773 putas,
475 701 584 758 brevior
597 703 644 759 via
658 704 781 761 conferet
795 705 856 779 illi3

186 796 279 852 nullus
293 798 366 854 euim
380 800 475 871 magni
485 799 594 857 sceleris
607 801 712 860 labor.''

186 976 376 1026 manaa-Do
391 992 441 1040 you
456 993 503 1041 ray
518 994 568 1041 you
587 994 660 1028 aanor
676 979 764 1043 taught
783 980 837 1028 bien
857 980 926 1029 ibis?
964 982 988 1030 Y
985 997 1017 1042 ca,
1036 997 1085 1044 you

250 1055 342 1103 started
352 1054 391 1103 tle
402 1055 504 1117 ribemot,
518 1056 611 1118 tboupb
623 1061 646 1105 to
656 1061 708 1119 alep
718 1059 740 1106 u
750 1059 774 1106 e'a
785 1058 877 1121 baynard
887 1074 952 1121 your
958 1076 1049 1122 power.

752 1176 769 1203 “
778 1175 856 1232 Haec
870 1193 920 1248 ego
933 1195 1085 1249 numquam

185 1267 342 1340 mandavi,”
356 1268 429 1325 dices
444 1268 518 1340 olim,
537 1272 613 1326 “nec
628 1269 697 1327 talia
710 1272 810 1329 suasi.''
1049 1301 1085 1339 225

186 1366 293 1423 Mentis
307 1384 389 1422 causa
402 1365 492 1422 malae
507 1371 601 1423 tamen
616 1371 660 1424 est
674 1372 703 1424 et
717 1369 793 1440 origo
806 1387 890 1441 penes
904 1374 941 1428 te.

186 1464 261 1520 Nam
276 1463 400 1535 quisquis
414 1463 509 1536 magni
522 1481 620 1520 census
634 1465 774 1537 praecepit
788 1483 909 1522 amorem

185 1566 214 1618 et
228 1559 307 1617 laevo
321 1560 430 1616 monitu
443 1577 542 1632 pueros
557 1560 685 1632 producit
699 1578 804 1631 avaros,

185 1659 225 1732 [et
240 1659 287 1730 qui
301 1676 350 1730 per
363 1657 475 1714 fraudes
489 1657 658 1729 patrimonia
672 1657 883 1731 conduplicare],

185 1756 235 1813 dat
249 1757 418 1825 libertatem,
432 1760 461 1812 et
475 1759 551 1813 totas
565 1754 684 1811 effimdit
698 1755 820 1813 habenas

185 1853 338 1911 curriculo:
360 1871 442 1926 quem
457 1853 481 1908 si
495 1870 614 1923 revoces,
630 1852 781 1910 subsistere
795 1854 893 1922 nescit,

185 1958 214 2010 et
228 1957 257 2009 te
271 1955 430 2023 contempto
444 1950 552 2023 rapitur
565 1950 703 2023 metisque
720 1950 832 2007 relictis.

184 2130 422 2181 neaera-m
438 2146 487 2192 you
503 2131 572 2179 moab
587 2146 653 2192 your
667 2145 712 2178 roa
728 2134 752 2178 to
769 2129 819 2177 leuc
835 2129 920 2191 rubes,
940 2130 1020 2178 achiab
1036 2146 1085 2192 you

248 2209 363 2274 youraelf
376 2209 426 2257 loco
441 2209 513 2257 betur
523 2208 586 2256 llum
602 2207 642 2256 ibe
652 2208 725 2256 Decii
736 2207 805 2255 lovea
821 2208 897 2257 Recte
907 2224 937 2257 or
948 2209 1086 2258 Menoeceus

253 2287 347 2346 Thebes,
367 2301 417 2348 you
435 2285 496 2334 buce
515 2284 620 2333 lcirrdled
640 2300 657 2333 a
677 2285 754 2346 rpurlc
771 2284 853 2333 wbc'cb
872 2300 922 2347 you
943 2291 1030 2335 monol
1047 2301 1084 2335 ce·

249 2364 371 2427 linguai.

184 2484 275 2540 Nemo
289 2481 358 2538 satis
372 2481 459 2538 credit
473 2485 586 2537 tantum
599 2478 773 2550 delinquere,
787 2483 924 2550 quantum

183 2579 348 2654 permittas:
369 2579 437 2635 adeo
450 2577 599 2650 indulgent
613 2576 667 2633 sibi
681 2576 767 2632 latius
781 2577 843 2648 ipsi.

185 2678 256 2736 Cum
270 2678 339 2734 dicis
353 2676 454 2747 iuveni,
471 2673 600 2745 stultum,
617 2674 666 2746 qui
682 2673 767 2730 donet
784 2674 880 2746 amice,
1049 2703 1086 2740 23⁵

184 2777 232 2849 qui
246 2779 439 2849 paupertatem
452 2773 528 2830 levet
543 2770 713 2843 attollatque
727 2771 894 2845 propinqui;

184 2880 213 2932 et
227 2873 343 2947 spoliare
357 2873 438 2930 doces
453 2876 482 2929 et
497 2870 721 2928 circumscribere
736 2874 765 2926 et
779 2870 854 2925 omni

184 2973 296 3030 crimine
311 2972 425 3028 divitias
440 2970 592 3043 adquirere,
610 2987 729 3041 quarum
743 2987 821 3024 amor
834 2968 864 3024 in
878 2974 915 3039 te,

184 3075 305 3143 quantus
319 3074 379 3126 erat
392 3069 498 3142 patriae
512 3068 663 3125 Deciorum
677 3067 707 3123 in
721 3072 839 3140 pectore,
857 3072 992 3139 quantum

91 3217 96 3222 .
184 3166 282 3224 dilexit
299 3165 416 3237 Thebas,
433 3167 457 3221 si
474 3164 592 3222 Graecia
604 3183 678 3235 vera,
695 3164 876 3221 Menoeceus:
1048 3193 1086 3229 240

183 3266 213 3320 in
227 3282 344 3336 quorum
358 3262 441 3320 sulcis
458 3261 579 3335 legiones
592 3261 724 3318 dentibus
738 3261 835 3334 anguis

183 3381 245 3420 cum
261 3361 355 3434 clipeis
369 3365 528 3430 nascuntur,
544 3365 573 3417 et
589 3357 703 3415 horrida
719 3357 794 3414 bella
808 3363 955 3431 capessunt

183 3461 321 3527 continuo,
337 3462 481 3529 tamquam
496 3462 524 3513 et
539 3456 651 3515 tubicen
666 3456 816 3513 surrexerit
830 3474 893 3513 una.
