2484 3950
136 885 236 940 MOST
258 885 482 940 IMPORTANT
503 868 589 940 NEW
611 884 807 939 READINGS
828 884 1007 939 ADOPTED

401 992 443 1046 IN
465 991 556 1045 THIS
577 991 738 1045 EDITION

161 1145 177 1194 1.
207 1144 245 1196 67.
282 1144 401 1208 signator,
416 1142 478 1192 falso
483 1144 529 1206 for
540 1143 653 1208 signator
664 1141 728 1192 falsi.

204 1222 243 1273 70.
279 1221 369 1271 rubeta
373 1223 420 1284 sor
430 1221 553 1270 rubetam.

204 1299 243 1350 74.
279 1298 377 1363 aliquid
381 1300 428 1362 for
439 1298 538 1363 aliquis.

189 1379 242 1425 114.
279 1375 380 1425 habitat
383 1378 431 1439 for
441 1375 550 1424 habitas,

189 1457 242 1504 150.
280 1453 355 1503 Dices
359 1454 406 1515 sor
417 1452 502 1503 Dicas.

189 1533 243 1581 156.
279 1535 378 1596 pectore
383 1532 430 1592 sor
440 1534 551 1595 gutture.

138 1610 176 1659 iii.
205 1612 243 1659 18.
279 1608 434 1674 praesentius
439 1609 486 1670 sor
496 1608 673 1673 praestantium

205 1689 243 1737 38.
280 1691 306 1736 et
317 1701 362 1735 cur
373 1688 443 1736 non?
461 1686 553 1746 omnia,
568 1689 625 1745 ete„
631 1687 679 1747 sor
689 1688 715 1733 et
727 1700 771 1734 eur
781 1699 833 1733 non
845 1684 947 1732 omnia?

205 1764 243 1816 79.
281 1764 311 1813 ln
324 1765 473 1826 summasor
484 1764 525 1812 Ad
536 1777 669 1813 summam.

189 1844 243 1892 131.
280 1854 350 1890 servo
355 1841 402 1903 for
412 1841 484 1890 servi.

189 1922 244 1969 322.
279 1917 381 1967 auditor
384 1919 431 1982 for
442 1917 550 1967 adiutor.

145 1999 179 2047 iv.
224 2000 246 2048 3.
282 2013 368 2062 aegrae
373 1999 420 2059 for
430 2012 509 2060 aeger.

153 2092 177 2125 v.
206 2078 244 2125 38.
280 2073 390 2124 berullos
396 2076 443 2135 for
453 2072 558 2123 berullo.

205 2156 242 2203 39.
279 2151 366 2218 phiala
370 2153 417 2215 for
428 2150 534 2216 phialas.

205 2231 243 2282 70.
278 2230 505 2292 fictussorfaetuS.

205 2311 243 2359 80.
280 2308 423 2373 distinguat
428 2309 475 2370 sor
486 2306 622 2357 distendat.

205 2388 244 2436 91.
280 2386 342 2435 atris
347 2387 394 2448 sor
405 2384 487 2435 AfroS.

190 2467 242 2514 116.
280 2467 382 2529 spumat
387 2465 434 2526 sor
446 2463 535 2511 fumat.

134 2543 181 2595 vii.
207 2546 245 2593 16.
281 2541 372 2607 gallica
377 2542 424 2604 for
436 2540 526 2590 Gallia.

204 2622 243 2671 99.
280 2619 346 2685 perit
350 2620 397 2682 for
408 2618 481 2683 petit.

189 2699 243 2747 136.
279 2697 320 2746 illi
324 2698 371 2760 sor
383 2696 441 2745 illis.

189 2779 243 2825 149.
279 2790 371 2840 ponere
376 2776 423 2837 sor
433 2774 569 2838 imponere.

189 2855 242 2903 156.
279 2852 392 2901 diversae
405 2851 520 2914 forbefor
531 2849 630 2899 diversa
641 2852 720 2915 parto.

189 2933 243 2980 165.
280 2929 343 2994 quid
355 2929 386 2978 do
392 2931 439 2993 sor
451 2928 518 2994 quod
530 2927 568 2978 do.

180 3011 242 3059 166.
280 3008 349 3057 Haec
361 3007 406 3056 alii
418 3023 461 3056 sex
465 3008 512 3070 sor
523 3007 571 3055 Ast
582 3004 628 3054 alii
640 3021 690 3054 sex.

188 3089 242 3136 201.
280 3085 439 3149 triumphum
444 3086 491 3147 sor
504 3082 652 3147 triumphos.

189 3167 242 3214 214.
280 3179 355 3228 quem
361 3164 407 3225 sor
419 3163 469 3228 qui.

124 3242 177 3291 viii.
206 3243 245 3293 67.
281 3244 385 3305 nepotes
389 3243 437 3303 for
447 3239 563 3304 Nepoti&

206 3321 243 3368 90.
280 3334 364 3367 rerum
369 3319 416 3380 sor
426 3334 520 3383 regum.

190 3399 245 3447 105.
281 3394 426 3445 Dolabellae
432 3397 478 3458 sor
489 3393 621 3444 Dolabella
633 3397 677 3442 est.
