2484 3950
202 287 234 334 26
478 283 509 332 D.
529 283 623 333 IUNII
643 282 834 333 IUVENALIS

203 464 381 512 rama-nc
391 478 435 512 cre
446 464 549 522 lauded,
559 463 675 525 pericopa,
688 478 743 511 once
754 463 784 511 c'o
801 462 866 511 three
877 463 974 511 morrtlts
990 466 1013 511 to
1024 462 1068 525 fill
1083 478 1099 509 a

266 546 354 589 comm
367 541 438 602 place
449 545 475 588 at
487 541 557 593 totle.
572 541 625 587 aad
637 541 687 589 tbt'a
698 543 721 589 ia
732 540 770 588 ilic
780 540 839 603 full
851 545 972 602 perpeccat
981 541 1028 603 for
1038 532 1099 602 yorlr

266 618 355 667 trolcm
365 618 429 681 aleep
439 618 492 666 arrd
503 633 567 680 your
578 619 695 680 moraioq
706 633 762 666 racc
773 621 796 666 to
807 617 846 666 tlte
862 618 878 642 “
886 616 1040 668 Salutatio.”

202 735 296 792 Primo
309 734 363 808 fige
377 734 443 807 loco,
460 734 534 807 quod
549 738 589 805 tu,
605 733 777 791 discumbere
791 734 891 807 iussus,

202 832 356 889 mercedem
369 832 486 889 solidam
500 836 627 888 veterum
641 833 716 904 capis
730 831 888 888 officiorum.

203 930 322 986 Fructus
336 930 464 986 amicitae
478 947 595 1001 magnae
608 928 704 987 cibus:
727 930 849 1003 imputat
862 929 937 987 huno
950 947 1006 1000 rex,

202 1033 239 1100 et,
255 1028 382 1100 quamvis
396 1046 497 1099 rarum,
514 1032 608 1084 tamen
623 1027 752 1101 imputat.
798 1027 872 1100 Ergo
886 1029 955 1085 duos
969 1033 1033 1102 post
1078 1056 1100 1092 15

202 1126 226 1182 si
240 1125 324 1182 libuit
337 1143 445 1182 menses
459 1125 617 1198 neglectum
632 1125 763 1184 adhibere
777 1127 914 1199 clientem,

203 1223 287 1281 tertia
300 1242 334 1281 ne
348 1242 435 1280 vacuo
450 1229 568 1281 cessaret
582 1224 685 1281 culcita
698 1224 778 1297 lecto,

205 1324 221 1351 “
230 1340 286 1378 una
299 1321 411 1391 simus,''
425 1321 473 1378 ait.
517 1321 655 1378 Votorum
669 1340 795 1380 summa:
817 1322 885 1395 quid
898 1322 973 1378 ultra

202 1419 330 1492 quaerisl
370 1418 466 1476 Habet
481 1419 606 1490 Trebius,
620 1426 732 1494 propter
746 1420 820 1493 quod
834 1438 960 1493 rumpere
975 1438 1101 1477 somnum

202 1516 302 1574 debeat
316 1521 345 1574 et
358 1515 459 1588 ligulas
473 1516 623 1588 dimittere,
639 1516 777 1574 sollicitus
792 1535 826 1574 ne

202 1619 264 1671 tota
277 1614 426 1671 salutatrix
439 1614 495 1670 iam
509 1613 593 1671 turba
606 1615 743 1688 peregerit
757 1614 860 1686 orbem,

201 1712 337 1770 sideribus
351 1712 450 1784 dubiis,
467 1716 517 1768 aut
531 1711 579 1768 illo
594 1717 725 1785 tempore,
742 1731 797 1785 quo
810 1731 840 1770 se

201 1808 302 1881 frigida
316 1809 506 1881 circumagunt
520 1810 592 1881 pigri
607 1826 715 1866 serraca
730 1809 842 1866 Bootae.

202 1992 383 2040 ilde-Aeol
393 1993 460 2041 what
471 2008 489 2041 a
499 1993 592 2041 dicerer
607 2006 658 2054 you
668 1997 726 2054 qct!
759 1992 850 2055 Heody
862 1992 927 2041 coine
937 1991 1018 2040 wbicb
1035 1992 1103 2040 laede

265 2076 288 2119 to
300 2072 390 2119 brawls
400 2073 453 2119 arrd
463 2072 572 2120 iocunde.

202 2187 298 2257 Qualis
313 2205 380 2243 cena
394 2188 507 2245 tament
527 2188 633 2257 vinum,
644 2186 719 2259 quod
732 2187 828 2243 sucida
841 2186 912 2242 nolit

200 2285 265 2341 lana
279 2285 354 2358 pati:
376 2285 410 2342 de
425 2286 541 2342 conviva
556 2284 717 2357 Corybanta
730 2283 845 2342 videbis.

201 2384 296 2457 Iurgia
309 2383 478 2457 proludunt:
499 2383 548 2440 ssd
563 2401 628 2439 mox
642 2387 670 2439 et
684 2381 783 2456 pocula
797 2386 909 2454 torques

200 2481 310 2537 saucius
324 2485 353 2537 et
367 2480 451 2537 rubra
464 2481 591 2553 deterges
605 2480 723 2537 vulnera
736 2496 845 2552 mappa

201 2579 281 2635 Inter
294 2596 343 2635 vos
358 2575 486 2651 quotiens
499 2577 718 2650 libertorumque
732 2576 873 2633 cohortem

200 2691 294 2748 pugna
308 2673 464 2745 Sagrmtina
477 2672 567 2729 fervet
581 2673 727 2728 commissa
741 2671 847 2744 lagona.

202 2854 319 2904 30-37.-
327 2853 409 2902 Wbe‘lc
420 2867 485 2914 your
495 2852 548 2899 boat
559 2852 650 2900 drinlcs
661 2851 691 2913 of
698 2851 737 2899 tte
749 2851 795 2898 best
806 2849 859 2897 arrd
870 2849 952 2898 oldest.

202 2969 266 3041 lpse
280 2968 410 3042 capillato
425 2967 559 3024 diffusum
572 2966 684 3023 consule
698 2970 786 3040 potat,
880 2959 882 2962 ’

201 3067 390 3139 calcatamque
404 3070 483 3123 tenet
497 3065 578 3122 bellis
592 3065 741 3121 socialibus
755 3080 847 3134 uvam,

200 3163 325 3221 cardiaco
339 3181 492 3236 numquam
505 3162 639 3234 cyathum
653 3161 788 3218 missurus
802 3160 909 3232 amico,

200 3280 260 3319 cras
275 3261 353 3318 bibet
367 3260 486 3317 Albanis
500 3260 606 3333 aliquid
620 3260 656 3316 de
670 3258 813 3315 montibus
827 3262 878 3314 aut
891 3255 926 3313 de

201 3359 312 3429 Setinis,
329 3358 407 3415 cuius
422 3358 541 3429 patriam
555 3357 726 3429 titulumque
739 3359 868 3412 senectus

200 3454 304 3513 delevit
318 3454 409 3510 multa
422 3455 525 3511 veteris
539 3454 655 3526 fuligine
669 3458 777 3512 testae:
