2484 3950
500 306 634 356 SATURA
652 307 701 356 XV

38 414 39 449 ἶ
149 466 211 504 ossa
224 449 309 520 genis,
324 448 420 520 plenos
433 450 574 507 oculorum
587 441 722 523 sanguine
735 469 850 523 pugnos.

149 546 258 603 Ludere
271 565 301 603 se
315 547 430 603 credunt
444 548 498 620 ipsi
512 554 606 605 tamen
620 554 650 604 ct
663 548 781 620 pucriles

149 662 273 701 exercere
287 644 367 716 acies,
383 644 457 716 quod
471 644 548 702 nulla
562 645 698 702 cadavera
712 646 835 704 calcent:
1024 663 1049 700 σο

149 748 178 800 et
192 761 257 799 sane
271 761 326 815 quo
340 748 383 800 tot
397 743 514 800 rixantis
528 743 607 800 milia
620 740 728 814 turbae,

148 841 173 896 si
187 841 288 897 vivrmt
301 841 415 898 omnsst
455 841 528 914 Ergo
542 842 630 898 acrior
643 842 773 915 impetus,
789 847 818 898 ct
832 842 887 898 iam

148 957 215 996 saxa
228 939 369 997 inclinatis
382 958 431 1013 per
444 940 561 997 humum
576 941 703 1012 quaesita
716 940 827 997 lacertis

148 1037 285 1109 incipiunt
299 1042 433 1112 torquere,
450 1037 603 1094 domestica
616 1036 747 1095 seditioni

148 1135 223 1207 tela3
243 1154 293 1193 nec
306 1136 381 1193 hunc
395 1135 524 1209 lapidem,
538 1135 634 1208 quales
648 1141 677 1192 et
691 1135 802 1191 Turnus
816 1138 845 1192 et
859 1135 933 1191 Aiax
1023 1152 1048 1198 ⁶5

148 1231 193 1288 vel
206 1249 262 1306 quo
276 1231 396 1303 Tydides
410 1232 544 1306 percussit
557 1232 678 1305 pondere
692 1242 789 1289 coxam

147 1329 275 1402 Aeneae;
296 1329 345 1386 sed
359 1347 441 1402 quem
454 1330 567 1386 valeant
580 1330 708 1387 emittere
722 1329 836 1386 dextrae

147 1426 203 1483 illis
217 1427 363 1484 dissimiles
377 1433 406 1484 et
422 1432 517 1484 nostro
531 1432 655 1500 tempore
669 1432 759 1485 natae.

147 1524 223 1581 Nam
237 1543 325 1597 genus
337 1524 388 1582 hoe
402 1525 467 1582 vivo
481 1525 537 1581 iam
551 1524 725 1582 decrescebat
740 1524 870 1582 Homero.

147 1623 231 1680 Terra
244 1623 332 1680 malos
346 1624 471 1680 homines
485 1642 558 1680 nunc
572 1624 672 1680 educat
686 1628 770 1696 atque
784 1624 917 1697 pusillos:
1023 1655 1046 1692 70

146 1738 211 1792 ergo
225 1720 299 1791 deus,
317 1721 473 1793 quicunque
487 1722 603 1794 aspexit,
619 1720 693 1778 ridet
707 1725 736 1778 et
750 1722 817 1779 odit.

147 1898 317 1947 Uda-The
337 1899 475 1961 Tentyrites
491 1899 562 1961 topia
577 1903 601 1947 to
612 1897 660 1961 flce
667 1916 679 1958 ,·
695 1913 739 1947 orte
755 1900 784 1961 of
797 1898 862 1947 them
877 1900 939 1962 slipi
955 1900 1008 1948 arrd
1023 1902 1047 1948 ab

210 1976 299 2039 coapta
307 1996 318 2036 ;
333 1978 387 2026 arad
402 1977 467 2039 then,
486 1977 594 2026 bwdblc
611 1984 635 2027 to
650 1993 704 2039 sap,
720 1977 759 2026 aa
775 1992 919 2041 corrqcaerorr
934 1984 976 2027 cut
991 1979 1046 2027 urm

211 2060 263 2106 into
269 2059 349 2119 pieres
359 2059 413 2107 ond
422 2060 515 2107 mour
525 2058 636 2119 tisflceb
647 2072 710 2107 racc.
746 2058 767 2106 I
773 2059 941 2121 cooprctulm
952 2060 991 2108 tbc
996 2060 1046 2123 stre

210 2135 263 2184 tuac
274 2137 295 2184 u
306 2140 333 2183 at
345 2136 404 2184 lead
416 2137 514 2198 escaped
519 2136 654 2198 polluticu.

186 2253 213 2308 A
226 2253 394 2309 deverticulo
408 2258 550 2326 repetatur
562 2251 665 2311 fabula.
710 2252 863 2325 Postquam

144 2348 275 2405 subsidiis
289 2349 372 2420 aucti,
388 2368 452 2422 pars
465 2349 554 2406 altera
567 2368 692 2422 promere
705 2350 808 2406 ferrum

145 2445 237 2516 audet,
254 2450 283 2502 ct
296 2446 405 2503 infestis
419 2464 541 2519 pugnam
555 2446 710 2503 instaurare
725 2448 843 2519 sagittis,
899 2465 904 2475 ·

145 2548 224 2616 terga
237 2543 303 2616 fuga
317 2544 397 2600 celeri
410 2545 618 2617 praestantibus
632 2544 760 2601 omnibus
774 2545 890 2614 instans,
1019 2574 1043 2614 7⁵

143 2641 193 2713 qui
207 2640 299 2698 vicina
312 2641 407 2698 colunt
421 2642 566 2699 umbrosae
581 2642 704 2715 Tentyra
716 2642 832 2715 palmae.

144 2737 262 2795 Labitur
277 2737 341 2795 hinc
354 2738 475 2812 quidam,
491 2739 578 2795 nimia
591 2738 738 2796 formidine
752 2757 861 2796 cursum

143 2835 335 2909 praecipitans,
352 2837 531 2909 capiturque:
552 2842 597 2893 ast
610 2836 691 2893 illum
705 2837 734 2892 in
747 2836 868 2910 plurima
881 2841 988 2893 sectum

143 2934 233 2990 snrsta
247 2938 275 2990 et
289 2933 446 3006 particulas,
462 2939 495 2990 ut
509 2934 606 2990 multis
620 2938 747 2991 mortuus
760 2952 833 2990 unus

142 3032 287 3104 sufficeret,
303 3037 395 3089 totum
409 3033 523 3089 corrosis
537 3032 645 3089 ossibus
659 3032 718 3089 edit
1017 3048 1043 3086 ao

142 3129 244 3186 victrix
258 3129 358 3187 turba:
379 3147 429 3187 nec
443 3129 552 3186 ardenti
566 3129 676 3186 decoxit
690 3147 758 3186 aeno

142 3233 192 3284 aut
205 3228 341 3285 verubus:
362 3227 476 3301 longum
490 3246 576 3300 usqne
590 3227 659 3284 adeo
674 3227 839 3300 tardumque
852 3229 964 3300 putavit

142 3329 299 3397 exspectare
313 3325 395 3396 focos,
411 3330 541 3382 contenta
554 3324 687 3382 cadavere
701 3324 792 3382 crudo.

409 3448 434 3485 64
446 3445 549 3486 seditioni
562 3460 577 3488 ς.
593 3443 700 3484 seditione
712 3444 736 3483 P.
747 3459 767 3483 a.

154 3509 179 3549 57
192 3509 278 3549 instant
287 3525 307 3548 ω.
319 3510 421 3559 praestan
430 3521 476 3550 eum
485 3512 552 3561 spatio
561 3508 682 3559 qrcirrdcca'm
689 3507 721 3548 vel
729 3507 865 3557 amoenitati
874 3505 991 3546 litterarum
1000 3504 1024 3543 P.

1205 3261 1207 3302 r

1204 3345 1206 3392 i

1203 3429 1205 3482 i

1202 3497 1204 3556 i
