2484 3950
29 67 1213 139 —q—

480 358 614 409 SATURA
633 356 686 408 VII

117 496 158 558 ¹et
172 519 250 558 veras
264 503 373 574 agitant
387 502 459 573 lites,
476 507 585 575 raptore
599 501 713 575 reliet03

129 599 191 656 fusa
204 618 311 656 venena
324 601 416 672 silent,
432 601 523 657 malus
537 602 718 673 ingratusque
732 601 858 672 maritus,

129 701 157 753 et
170 715 242 768 quae
256 698 312 754 iam
325 702 433 755 veteres
447 703 549 755 sanant
562 698 695 755 mortania
709 716 810 756 caecos.
994 726 1031 763 170

130 862 305 928 newa-If
316 866 346 914 he
357 867 413 914 will
429 867 484 914 take
500 881 544 928 my
554 866 646 925 advice,
660 866 699 914 ne
715 864 866 913 rhetmieiaa
878 863 934 912 wilt
949 863 1029 911 ctoose

191 944 294 991 another
305 959 392 1002 career,
407 945 472 992 attice
487 944 517 991 te
532 944 579 992 has
590 949 613 992 to
623 959 652 1006 90
669 948 692 991 to
710 943 810 1004 lawsor
820 958 846 991 ao
856 941 931 989 mucii
946 955 975 988 ae
991 939 1029 988 tte

187 1022 257 1081 price
268 1022 297 1083 os
309 1037 326 1068 a
336 1037 395 1070 cera
406 1022 483 1080 ticket,
495 1021 569 1069 while
585 1022 779 1070 music-masters
796 1020 845 1068 like
861 1018 943 1067 Pollio
957 1017 1029 1066 make

192 1098 258 1146 their
261 1100 384 1162 fortunae.

129 1216 202 1288 Ergo
215 1217 269 1273 sibi
283 1217 362 1274 dabit
376 1217 434 1289 ipse
449 1218 554 1287 rudem,
568 1217 592 1273 si
607 1221 701 1274 nostra
716 1215 868 1272 movebunt

128 1315 248 1386 consilia,
264 1319 293 1371 et
306 1316 382 1371 vitae
396 1315 536 1372 diversum
550 1316 604 1372 iter
617 1314 795 1388 ingredietur,

127 1411 163 1467 ad
176 1429 297 1484 pugnam
311 1413 360 1484 qui
374 1412 510 1468 rhetorica
524 1412 667 1469 deseendit
681 1412 717 1468 ab
730 1412 836 1484 umbra,

127 1510 266 1567 summula
279 1529 313 1567 ne
327 1516 429 1583 pereat,
446 1529 501 1583 qua
514 1510 579 1566 vilis
593 1516 698 1568 tessera
710 1511 788 1567 venit

127 1608 277 1666 fmmenti:
298 1609 400 1680 quippe
414 1608 482 1664 haee
495 1626 599 1665 meroes
613 1596 775 1666 lautissima
819 1607 946 1680 Tempta,
992 1634 1027 1675 17⁵

128 1705 322 1778 Chrysogonus
336 1706 435 1777 quanti
449 1705 553 1776 doceat,
569 1705 615 1762 vel
630 1705 719 1762 Pollio
733 1706 832 1777 quanti

126 1802 266 1860 lautorum
279 1821 385 1876 pueros,
402 1807 491 1860 artem
505 1802 613 1860 scindes
628 1802 772 1863 Theodori.
860 1873 862 1878 Ι
947 1845 948 1848 ¹

127 1968 271 2022 178-185.-
276 1970 353 2020 There
361 1984 405 2019 are
412 1985 438 2019 eo
446 1985 525 2032 many
536 1969 618 2032 titiane
630 1969 668 2019 the
679 1969 809 2019 ritineant
820 1968 1022 2032 itane—portieoa

190 2050 366 2112 dietae-halle,
378 2065 506 2099 carnere-

125 2141 232 2219 Balnea
245 2162 381 2219 sexcentis
396 2167 424 2219 et
438 2161 526 2234 pluris
539 2162 670 2234 porticus,
686 2163 715 2219 in
730 2180 786 2234 qua

123 2264 249 2332 gestetur
263 2260 399 2332 dominus,
415 2260 542 2331 quotiens
555 2259 637 2331 pluit.
680 2260 761 2317 Anne
775 2277 900 2317 serenum

124 2362 266 2430 exspectet
279 2362 446 2430 spargatque
459 2358 520 2413 luto
534 2358 659 2414 iumenta
672 2358 794 2414 recentit
990 2375 1026 2414 180

124 2455 182 2511 Hic
195 2456 305 2527 potius:
327 2473 445 2527 namque
459 2455 505 2510 hic
518 2454 637 2511 mundae
651 2454 724 2511 nitet
738 2454 842 2527 ungula
855 2454 954 2525 mulae.

123 2551 210 2608 Parte
224 2552 280 2608 alia
292 2552 382 2624 longis
397 2552 584 2608 Numidarum
598 2552 672 2609 fulta
685 2552 820 2610 columnis

122 2654 228 2721 surgat,
245 2655 274 2706 et
288 2639 427 2723 algentem
442 2651 533 2722 rapiat
548 2651 655 2707 cenatio
669 2651 762 2709 solem.

124 2748 340 2820 Quantieunque
354 2748 460 2820 domus,
476 2749 570 2805 veniet
583 2750 632 2821 qui
646 2749 750 2807 fereula
764 2750 843 2808 docte

122 2846 283 2918 componit;
303 2839 398 2903 veniet
412 2847 461 2918 qui
475 2846 661 2918 pulmentaria
675 2848 777 2906 condit.
989 2868 1024 2916 185

117 3013 238 3062 ‘186-202.
243 3013 329 3061 —ttat
345 3014 408 3061 little
419 3028 466 3062 can
478 3014 503 3061 te
513 3016 654 3077 sparedfor
666 3015 731 3064 their
740 3015 802 3064 soae'
815 3017 957 3075 education-
973 3018 1026 3065 aad

188 3091 281 3152 ttonqh
299 3091 445 3148 Quintilian
462 3106 521 3153 niay
532 3107 595 3140 seem
611 3107 647 3140 aa
663 3094 790 3154 eaeoeptioa,
807 3092 847 3141 ’tie
862 3094 956 3155 simply
971 3095 1025 3142 that

187 3168 217 3216 te
227 3183 279 3216 was
291 3169 351 3216 bora
362 3170 443 3232 scandar
454 3185 471 3217 a
483 3170 556 3232 liiclcy
565 3175 635 3229 etam
652 3172 705 3218 aeid
717 3172 774 3219 iaelc
785 3186 845 3233 assy
853 3173 925 3221 make
935 3187 953 3219 a
964 3188 1025 3221 mea

188 3245 319 3307 staminiae,
333 3261 362 3293 aa
376 3248 406 3294 ia
423 3245 462 3293 tte
478 3262 531 3295 eane
546 3249 575 3309 of
594 3248 727 3296 Ventidius
742 3247 837 3297 Bassus
853 3248 905 3296 aad
922 3248 1025 3297 Servius

192 3323 303 3371 Tullius.

120 3440 185 3496 Hos
199 3438 272 3495 inter
285 3444 414 3512 sumptus
428 3443 557 3498 sestertia
572 3442 752 3515 Quintiliano,

363 3543 400 3586 177
413 3544 516 3586 scindens
525 3545 549 3586 P.
559 3546 580 3587 ἃ
591 3561 612 3589 a.
624 3546 710 3587 scindes
718 3546 783 3590 Jaea.
