2484 3950
472 330 606 381 aarum
627 329 650 379 V

123 482 221 549 ostrea,
238 477 356 533 callebat
370 478 459 550 primo
473 475 640 548 deprendere
654 494 765 548 morsu;

123 580 152 632 et
165 574 251 632 semel
264 576 369 647 aspecti
383 574 451 630 litus
465 573 576 631 dicebat
590 574 688 632 echini.

124 674 261 746 Surgitur,
277 678 307 730 et
320 674 404 729 misso
418 691 542 746 proceres
557 673 631 730 exire
644 673 776 730 iubentur

123 772 245 841 consilio,
259 789 327 845 quos
341 771 480 827 Albanam
494 770 553 827 dux
566 788 683 842 magnus
697 771 725 826 in
740 788 831 828 arcem
986 799 1021 837 ης

123 874 248 928 traxerat
262 869 397 926 attonitos
412 875 441 926 et
455 869 586 925 festinare
600 874 716 939 coactos,

123 974 268 1041 tamquam
282 967 317 1024 de
333 967 425 1024 (latiis
439 966 546 1040 aliquid
561 967 704 1039 torvisque
718 966 877 1038 Sycambris

122 1066 255 1136 dicturus,
272 1070 417 1137 tamquam
431 1065 548 1122 diversis
562 1065 688 1138 partibus
703 1065 777 1122 orbis

122 1165 205 1221 anxia
218 1164 363 1236 praecipiti
376 1163 499 1220 venisset
512 1162 634 1235 epistula
647 1163 738 1236 pinna

163 1256 258 1328 Atque
271 1257 380 1312 utinam
393 1255 438 1312 his
451 1256 545 1328 potius
559 1256 640 1327 nugis
655 1260 716 1311 tota
729 1254 778 1311 illa
791 1255 913 1314 dedisset
986 1284 1023 1321 ιφ

122 1359 248 1425 tempora
262 1353 403 1421 saevitiae,
417 1352 505 1408 claras
519 1352 621 1423 quibus
636 1352 753 1409 abstulit
766 1352 830 1409 urbi

122 1451 299 1523 illustresque
313 1451 419 1507 animas
433 1451 547 1523 impune
561 1455 590 1507 et
603 1450 712 1507 vindice
726 1450 811 1509 nullo.

122 1547 179 1605 Sed
192 1548 283 1618 periit,
299 1552 446 1620 postquam
462 1546 634 1604 (lordonibus
648 1565 707 1604 esse
721 1548 861 1604 timendus

122 1649 266 1716 coeperat:
287 1642 339 1700 hoc
353 1645 448 1701 nocuit
462 1642 623 1701 Lamiarum
638 1643 720 1702 caede
734 1644 866 1702 madenti.

469 2050 628 2107 SATURA
650 2050 677 2107 V

121 2230 306 2280 eru-Bam
327 2234 351 2279 to
370 2231 396 2278 be
412 2246 430 2278 a
453 2231 540 2293 bepqar
556 2247 588 2279 on
607 2231 646 2280 tlte
662 2233 725 2280 raud
747 2232 809 2281 tbaa
825 2249 842 2281 u
855 2232 1022 2296 prrrfeaeioual

182 2311 384 2371 parasita—oue
394 2309 449 2357 who
460 2309 516 2356 will
527 2310 620 2358 enotare
631 2325 683 2371 any
695 2311 874 2374 indipnitpsor
885 2328 903 2359 a
913 2310 986 2360 occul.

90 2429 93 2440 '
120 2427 155 2483 S1
170 2431 198 2482 te
211 2426 346 2498 propositi
360 2425 481 2482 nondum
496 2425 584 2499 pudet
597 2432 682 2499 atque
696 2427 792 2484 &ulem
806 2433 849 2484 est
863 2446 948 2498 mens,

119 2529 154 2579 ut
168 2523 242 2580 bona
255 2541 365 2579 summa
378 2528 460 2595 putes
474 2523 565 2580 aliena
578 2524 672 2580 vivere
686 2524 809 2598 quadra3

119 2622 145 2678 si
159 2625 238 2693 potes
253 2620 303 2676 illa
316 2622 383 2692 pati,
400 2638 471 2692 quae
484 2638 534 2677 neo
550 2619 712 2677 Sarmentus
727 2617 835 2694 iniquas

121 2717 247 2774 Caesaris
261 2716 296 2772 ad
310 2734 427 2787 mensas,
444 2735 493 2773 nec
507 2717 571 2773 vilis
587 2716 687 2774 Gabba
701 2717 830 2775 udisset:

119 2816 248 2888 quamvis
261 2816 353 2872 iurato
367 2821 489 2873 metuam
504 2816 557 2872 tibi
571 2816 680 2872 credere
694 2818 768 2873 testi.
1009 2847 1020 2881 5

119 2914 227 2971 Ventre
240 2914 311 2970 nihil
324 2916 390 2970 novi
404 2914 544 2986 frugalius.
591 2914 653 2971 Hoc
667 2920 761 2971 temen
776 2916 867 2987 ipsum

119 3012 252 3068 defecisse
265 3016 342 3083 puta,
360 3010 433 3084 quod
447 3011 523 3067 inani
537 3012 643 3068 sufficit
655 3010 736 3070 alvo:

119 3108 198 3164 nulla
212 3107 321 3180 crepido
335 3109 435 3165 vacatl
455 3126 593 3180 nusquam
606 3126 676 3180 pons
691 3113 720 3164 et
734 3110 835 3179 tegetis
850 3126 915 3180 pars

119 3207 238 3263 dimidia
251 3205 380 3262 breviori
401 3207 510 3263 tantine
524 3207 626 3262 iniuria
640 3206 741 3263 cenael

119 3309 181 3360 tam
195 3303 287 3360 ieiuna
300 3303 396 3374 fames,
413 3321 476 3359 cum
490 3304 578 3375 possit
592 3299 736 3359 honestius
750 3302 808 3358 illic

119 3406 151 3457 et
165 3406 282 3457 tremere
295 3404 325 3456 et
338 3398 432 3455 sordes
446 3399 527 3455 farris
541 3398 666 3454 mordere
681 3397 791 3454 caninii

298 3527 335 3568 147
349 3526 411 3567 Getis
418 3539 440 3577 p.
451 3542 472 3568 a.
703 3527 727 3565 lo
740 3527 813 3576 possis
822 3541 842 3568 a.
