2484 3950
204 227 235 273 12
475 224 505 273 D.
528 223 621 273 IUNII
642 223 831 275 IUVENALIS

202 370 347 440 gymnasia
360 374 444 441 atque
459 368 524 425 audi
538 368 644 426 facinus
659 369 769 425 maioris
783 368 897 428 abollae.
1069 398 1104 434 ης

204 464 314 522 Stoicus
328 465 428 522 occidit
442 466 567 537 Baream,
583 467 691 523 delator
705 468 833 538 amicum,

204 561 423 633 discipulumque
438 580 529 634 senex,
546 564 606 635 ripa
620 564 745 620 nutritus
760 564 789 620 in
803 563 859 634 illa,

203 659 239 715 ad
253 677 337 730 quam
351 657 488 731 Gorgonei
502 658 615 731 delapsa
630 665 673 716 est
687 660 773 733 pinna
787 659 895 716 caballi.

204 755 269 812 Non
283 761 327 813 eat
342 756 466 813 Romano
480 758 609 829 cuiquam
624 756 700 815 locus
713 757 768 826 hic,
782 758 831 814 ubi
846 763 943 829 regnat

204 853 371 926 Protogenes
386 853 485 926 aliquis
499 853 544 910 vel
558 853 691 926 Diphilus
705 859 756 910 aut
767 853 962 925 Hermarchus,
1068 883 1076 908 1
1090 883 1104 908 0

203 952 251 1023 qui
264 951 356 1024 gentis
370 950 440 1007 vitio
454 968 595 1023 nunquam
609 951 732 1023 partitur
745 952 873 1021 amicum,

203 1047 277 1104 solus
291 1047 383 1105 habet.
426 1047 500 1104 Nam
515 1067 578 1104 oum
591 1048 703 1105 facilem
717 1048 837 1105 stillavit
851 1049 880 1105 iu
895 1066 989 1106 aurem

203 1146 333 1217 exiguum
347 1144 381 1201 de
395 1150 511 1202 naturae
525 1145 686 1218 patriaeque
699 1164 813 1217 venenu,

203 1241 299 1298 limine
313 1259 505 1316 summovem3
525 1243 667 1315 petierunt
681 1248 806 1315 tempora
820 1243 896 1315 longi

203 1339 327 1397 servitii:
349 1358 487 1412 nusquam
501 1340 591 1397 minor
604 1346 648 1397 est
662 1340 769 1396 iactum
782 1339 899 1397 clientis.
1069 1369 1103 1405 ης

204 1570 391 1618 laeuos-At
406 1570 481 1618 Roma
493 1570 558 1618 thara
573 1570 597 1617 is
609 1585 641 1617 uc
648 1569 719 1630 place
728 1571 774 1632 for
788 1584 805 1616 a
813 1584 874 1631 poor
885 1584 962 1617 inuit:
980 1570 1105 1617 character

267 1649 291 1696 is
301 1648 411 1710 maulay,
426 1647 676 1709 waultlacuerytltiuy.

244 1804 325 1873 Quod
339 1821 419 1877 porro
433 1803 561 1874 officium,
578 1821 612 1860 ne
627 1803 707 1860 nobis
720 1803 856 1874 blandiar,
872 1809 923 1860 aut
936 1803 1011 1876 quod

204 1903 332 1977 pauperis
346 1902 392 1959 hic
406 1903 544 1974 meritum,
561 1902 585 1958 si
600 1906 678 1958 curet
691 1906 772 1959 nocte
786 1907 899 1975 togatus

204 2019 318 2072 currere,
335 2020 398 2057 cum
413 2006 523 2074 praetor
537 1999 664 2057 lictorem
678 1999 805 2072 impellat
819 2005 848 2057 ct
862 2001 902 2056 iro

203 2099 380 2170 praecipitem
394 2098 497 2169 iubeat,
514 2097 620 2154 dudum
635 2097 818 2170 vigilantibus
833 2098 914 2167 orbis,

203 2214 237 2253 ne
252 2196 325 2268 prior
339 2196 472 2253 Albinam
486 2201 515 2252 et
529 2195 654 2252 Modiam
668 2195 772 2268 collega
786 2194 891 2252 salutet
903 2198 912 2251 l
1069 2224 1106 2261 130

204 2293 310 2350 Divitis
323 2293 368 2349 hic
382 2311 461 2351 servo
475 2293 581 2351 claudit
595 2293 670 2350 latus
684 2294 864 2366 ingenuorum

203 2390 296 2449 filius:
318 2390 389 2448 alter
404 2392 485 2461 enim,
502 2396 639 2463 quantum
654 2391 682 2447 in
696 2390 803 2464 legione
817 2391 924 2448 tribuni

205 2488 352 2560 accipiunt,
369 2487 455 2545 donat
470 2487 603 2545 Calvinae
617 2486 662 2545 vel
678 2488 817 2546 Catienae.

204 2582 250 2640 Da
264 2589 365 2641 testem
380 2584 485 2641 Romae
499 2590 558 2641 tam
572 2591 708 2657 sanctum,
725 2604 808 2657 quam
822 2585 878 2642 fuit
891 2586 990 2657 hospes
1069 2612 1104 2650 1³7

202 2681 324 2738 numinis
339 2681 435 2754 Idaei3
456 2682 587 2754 procedat
600 2681 646 2738 vel
661 2682 757 2739 Numa
770 2681 815 2739 vel
829 2683 878 2754 qui

202 2780 325 2836 servavit
340 2779 477 2851 trepidam
491 2778 621 2852 flagranti
636 2797 670 2835 ex
683 2780 750 2837 aede
765 2779 940 2837 Minervam:

202 2877 329 2950 protinus
343 2877 379 2934 ad
393 2894 514 2947 censum,
531 2877 565 2933 de
580 2877 703 2934 moribus
717 2877 818 2934 ultima
832 2877 881 2933 fiet
1068 2904 1104 2940 140

202 2974 335 3046 quaestio.
381 2972 473 3043 ‘Quot
487 2973 577 3046 pascit
591 2973 705 3031 servos?
725 2979 794 3045 quot
808 2972 931 3046 possidet
946 2974 1004 3044 agri

202 3071 315 3144 ingerat
335 3089 419 3143 quam
433 3070 524 3128 multa
537 3089 693 3144 magnaque
708 3071 854 3143 paropside
868 3070 978 3127 ceuatl'

203 3168 346 3239 Quantum
360 3168 477 3242 quisque
491 3186 541 3225 sua
554 3186 732 3225 nummorum
745 3173 839 3224 servat
853 3167 882 3222 in
896 3184 966 3236 arca,
1206 3139 1207 3215 l

202 3270 314 3323 tantum
327 3264 413 3322 habet
427 3269 456 3321 et
470 3264 543 3322 fidei.
588 3265 668 3321 Iures
681 3264 748 3321 licet
762 3269 791 3321 ct
806 3263 1017 3322 Samothracum

509 3387 544 3426 131
559 3397 622 3426 servo
631 3386 655 3426 P.
672 3386 727 3426 servi
735 3398 756 3436 p.
768 3401 787 3425 a.
