2484 3950
504 300 639 352 SATURA
656 301 681 351 X

141 445 248 502 Antoni
262 445 368 517 gladios
382 445 475 517 potuit
488 451 672 517 contemnere,
688 447 713 502 si
727 447 766 503 sic

142 543 234 599 omnia
247 543 370 601 dixisset
411 543 683 631 Ridendajpemata
695 544 777 616 malo,

141 658 225 712 quam
240 644 269 696 te
283 640 453 713 conspicuae,
466 641 563 698 divina
576 641 741 714 Philippica,
756 642 855 715 famae,
1007 670 1044 709 ης

36 776 39 781 ·
142 737 261 794 volveris
274 756 292 794 a
304 738 395 811 prima
408 756 479 811 quae
492 739 624 812 proxima
669 740 775 798 Saeuis
789 745 818 797 et
831 740 911 797 illum

142 834 234 891 exitus
247 835 357 907 eripuit,
373 854 456 908 quem
471 837 646 895 mirabantur
659 835 788 895 Athenae

142 936 294 989 torrentem
308 937 337 989 et
350 932 427 1004 pleni
439 933 631 992 moderantem
644 935 724 992 frena
737 933 849 993 theatri.

142 1030 195 1088 Dis
208 1031 257 1088 ille
269 1030 394 1088 adversis
406 1032 519 1103 genitus
532 1032 646 1105 fatoque
660 1033 781 1105 sinistro,
883 1104 885 1110 s

143 1142 225 1198 quem
238 1129 326 1199 pater,
342 1125 465 1184 ardentis
478 1144 586 1184 massas
599 1126 717 1200 fuligine
729 1126 832 1200 lippus,
864 1121 889 1203 Q
1008 1157 1046 1196 130

142 1240 160 1278 a
173 1221 290 1278 carbone
304 1226 333 1278 et
347 1221 497 1295 forcipibus
510 1223 672 1295 gladiosque
685 1207 815 1296 paran‘te

142 1321 242 1405 incudo
255 1325 285 1431 Y*
329 1325 374 1377 teo
388 1319 515 1378 Vulcano
528 1321 565 1377 ad
578 1321 691 1378 rhetora
703 1321 789 1379 misit.

141 1410 171 1467 sp
183 1416 209 1468 tl
237 1410 246 1456 i

144 1501 343 1551 lasela-All
359 1501 414 1550 cim
430 1506 457 1549 at
467 1515 564 1559 marcas,
577 1500 632 1562 few
647 1505 675 1548 at
691 1501 791 1560 cirtam
806 1513 885 1562 coucy
901 1500 963 1549 ruia
979 1498 1045 1548 idcir

207 1585 311 1642 coardry
321 1581 351 1628 in
362 1579 401 1628 lla
407 1581 520 1643 patrarit.

184 1682 324 1740 Bellorum
339 1683 463 1756 exuviae,
480 1683 585 1739 tmncis
599 1682 693 1739 adfixa
706 1683 826 1756 tropaeis

143 1781 235 1854 lorica,
251 1785 280 1838 et
294 1781 383 1838 fracta
397 1781 431 1837 de
445 1780 551 1837 casside
564 1779 682 1837 buccula
695 1779 826 1853 pendens,

142 1884 172 1935 et
186 1883 297 1935 curtum
310 1882 420 1934 temone
434 1877 539 1950 iugum,
554 1877 700 1949 victaeque
715 1876 835 1934 triremis
1008 1903 1045 1945 ¹³5

142 1976 273 2049 aplustre,
290 1980 319 2032 et
333 1993 441 2031 summo
455 1975 546 2032 tristis
560 1975 687 2048 captivus
701 1975 731 2031 in
745 1992 818 2045 arcu,

142 2072 271 2129 humanis
286 2073 390 2128 maiora
403 2071 484 2129 bonis
498 2070 648 2128 creduntur
659 2091 667 2128 r
688 2071 725 2128 ad
738 2070 791 2128 hcc
804 2089 834 2128 sc

142 2170 285 2226 Romanus
300 2168 456 2240 Graiusque
469 2186 502 2225 ac
512 2167 647 2224 barbarus
661 2167 840 2240 induperator

142 2267 249 2324 erexit:
270 2283 367 2323 causas
381 2264 547 2321 discriminis
562 2269 646 2337 atque
662 2264 763 2322 laboris

64 2347 67 2352 θ
140 2364 206 2420 inde
220 2362 326 2421 habuit.
372 2362 462 2418 Tanto
476 2362 563 2418 maior
576 2362 667 2419 famas
681 2362 744 2419 sitis
758 2367 809 2433 est,
824 2380 906 2435 quam
1009 2392 1046 2430 uo

140 2461 265 2518 virtutis.
309 2460 378 2531 Quis
392 2461 467 2517 enim
481 2460 616 2518 virtutem
630 2460 810 2532 amplectitur
822 2461 920 2534 ipsam,

140 2559 263 2631 praemia
277 2558 301 2614 si
315 2556 417 2613 tollas?
458 2556 583 2613 Patriam
597 2562 692 2614 tamen
706 2557 800 2614 obruit
814 2557 880 2615 olim

140 2655 229 2727 gloria
241 2672 391 2728 paucorum
406 2658 435 2710 ot
449 2653 540 2710 laudis
554 2653 687 2728 titulique
702 2654 801 2727 cupido

143 2752 255 2809 haesuri
269 2752 344 2808 saxis
358 2752 481 2808 cinerum
495 2751 665 2824 custodibus,
681 2752 718 2808 ad
732 2770 802 2824 quae

140 2849 316 2906 discutienda
329 2848 424 2906 valent
439 2849 542 2907 sterilis
556 2849 631 2906 mala
644 2849 743 2906 robora
756 2850 819 2907 fici:
1009 2879 1045 2917 14⁵

140 2946 364 3020 quandoquidem
378 2946 446 3003 data
459 2951 526 3003 sunt
539 2946 607 3020 ipsis
622 2965 731 3019 quoque
745 2946 805 3003 fata
818 2947 958 3019 sepulcris

142 3121 387 3183 rat-167.-Weipl
406 3121 445 3170 ihc
464 3122 534 3169 cahos
550 3122 579 3183 <ff
595 3121 730 3169 Hannibal
737 3137 749 3180 ;
765 3121 820 3168 locro
837 3122 901 3169 little
918 3122 941 3170 ia
958 3122 1001 3183 lest
1020 3124 1047 3184 (ff

206 3199 262 3247 dim
277 3198 332 3246 wlco
348 3198 401 3246 hod
417 3199 477 3247 sacch
491 3215 508 3246 a
524 3214 607 3247 carcar
624 3199 654 3261 of
668 3198 746 3260 plory,
764 3198 816 3245 aad
834 3213 860 3246 ao
876 3199 1046 3261 ipsomiciorcs

207 3276 319 3324 anecd!
544 3285 546 3288 “

142 3379 276 3452 Expende
290 3379 478 3437 Hannibalem
489 3400 498 3452 3
519 3385 588 3452 quot
602 3379 688 3437 libras
701 3382 731 3436 in
745 3381 815 3437 duce
828 3398 936 3437 summo

142 3478 286 3535 invenies?
307 3477 351 3534 hic
366 3482 409 3535 est
422 3496 504 3551 quem
518 3496 573 3535 non
588 3478 663 3549 capit
675 3478 771 3536 Africa
784 3478 884 3536 Mauro
