2484 3950
476 354 610 403 SATURA
628 354 654 402 V
995 353 1026 399 29

128 532 307 584 tota-Ano
323 531 373 579 rna
384 546 436 579 was
447 531 514 579 what
531 546 581 593 you
593 532 636 592 left
653 545 718 592 poor
733 530 803 579 tonse
813 529 867 578 aad
883 529 972 577 bream
988 527 1025 576 tn

190 608 349 670 moutherfor
359 623 385 656 so
397 610 473 670 lorcp!

128 724 266 781 “Scilicet
280 722 331 779 hoc
345 723 445 794 fuerat,
461 729 573 797 propter
588 723 663 796 quod
677 741 766 795 saepe,
782 722 879 778 relicta

127 822 249 893 coniuge,
265 839 314 893 per
328 826 452 877 montem
466 821 614 877 adversum
628 820 788 892 gelidasque
802 820 910 875 cucurri

127 918 273 991 Esquilias,
290 919 420 975 fremeret
434 937 517 975 saeva
530 937 594 974 curn
607 917 741 989 grandine
754 935 856 973 vernus

127 1017 235 1089 Iupiter
249 1021 277 1073 et
291 1014 382 1073 multo
396 1015 516 1072 stillaret
531 1014 651 1087 paenula
664 1014 758 1070 nimbo
767 1015 777 1071 l
786 1014 801 1040 ’²

127 1217 286 1266 soen-He
297 1217 344 1265 tna
355 1234 372 1265 a
384 1218 470 1266 lodatcr
478 1217 561 1266 saraed
572 1217 602 1265 in
613 1231 762 1278 asperamus,
774 1231 823 1278 porc
831 1231 849 1264 o
856 1216 913 1264 orob
920 1215 1028 1278 pinchcd

190 1313 225 1359 up
236 1299 266 1346 ia
276 1298 337 1360 tulf
343 1313 379 1346 aa
390 1314 432 1360 epp
439 1319 447 1347 :
464 1298 494 1347 he
505 1313 558 1346 usco
580 1298 709 1361 Venafrum
720 1298 762 1356 cil,
777 1297 851 1345 notite
861 1312 911 1359 pou
922 1300 988 1345 maest
1003 1297 1028 1344 bc

191 1381 284 1424 sordeat
294 1376 356 1424 with
367 1376 479 1439 African
490 1377 532 1436 cil,
547 1374 629 1423 which
639 1375 722 1423 canella
734 1376 761 1437 of
769 1374 808 1422 tlte
820 1374 895 1435 lump.

21 1472 22 1515 i
127 1491 235 1563 Aspice,
250 1510 334 1565 quarn
349 1491 430 1564 longo
445 1491 599 1564 distinguat
613 1497 724 1565 pectore
738 1490 852 1562 lancem,
1003 1508 1028 1547 80

127 1606 197 1659 quae
211 1589 300 1645 fertur
314 1589 433 1661 domino,
450 1588 558 1661 squilla,
575 1592 605 1644 et
618 1588 720 1661 quibus
734 1588 856 1661 undique
870 1593 967 1659 saepta

127 1687 276 1758 asparagis,
292 1704 347 1758 qua
360 1686 495 1760 despiciat
510 1687 637 1742 convivia
650 1686 753 1757 cauda

127 1801 190 1840 oum
204 1784 281 1840 venit
296 1784 396 1841 excelsi
410 1784 539 1841 manibus
553 1783 665 1840 sublata
679 1784 808 1839 ministri.

126 1880 181 1937 Sed
197 1881 250 1938 tibi
264 1882 378 1938 dimidio
393 1883 558 1938 constrictus
572 1900 726 1938 cammarus
740 1899 793 1938 ovo

125 1978 239 2050 ponitur
252 1980 359 2052 exigua,
375 1979 469 2036 feralis
483 1998 558 2050 cena,
574 1978 686 2052 patella.

126 2076 191 2148 Ipse
205 2076 365 2134 Venafrano
379 2079 482 2150 piscem
495 2078 637 2150 perfundit
649 2100 654 2135 :
676 2084 706 2134 at
720 2077 772 2148 hic,
790 2078 838 2150 qui

125 2173 247 2246 pallidus
260 2173 387 2231 adfertur
400 2175 500 2231 misero
515 2175 568 2232 tibi
582 2174 677 2246 caulis,
694 2174 780 2231 olebit

124 2270 299 2345 lanternam:
320 2271 391 2328 illud
405 2272 479 2328 enim
493 2272 595 2329 vestris
609 2271 694 2328 datur
706 2271 828 2343 alveolis,
846 2271 920 2345 quod

124 2386 213 2425 canna
228 2368 409 2441 Micipsarum
423 2388 505 2441 prora
518 2368 649 2426 subvexit
663 2374 762 2441 acuta3

124 2466 325 2538 propterquod
340 2465 447 2523 Romae
461 2485 524 2523 cum
539 2466 658 2523 Boccare
672 2484 752 2522 nemo
767 2465 886 2538 lavatur,
1001 2495 1027 2535 90

125 2562 201 2635 quod
215 2568 292 2620 tutos
307 2564 392 2621 etiam
406 2563 475 2621 facit
489 2583 507 2620 a
521 2564 696 2637 serpentibus
711 2564 788 2621 atris.

124 2761 308 2810 92·98.-Our
324 2776 377 2810 scos
393 2776 436 2810 arc
453 2762 582 2823 well-atqle
598 2761 704 2823 cmpticd
720 2763 749 2824 of
765 2761 829 2810 their
840 2761 899 2823 fiale,
919 2763 972 2810 eard
988 2762 1026 2812 cta

185 2841 314 2901 provinces
330 2854 374 2887 aro
391 2839 520 2901 compcllcd
542 2844 565 2887 to
580 2839 692 2902 furnich
711 2839 840 2887 matemala
865 2841 913 2901 for
928 2840 1026 2888 Rouana

188 2917 308 2978 pluttoay.

123 3032 232 3089 Mullus
247 3032 300 3090 erit
314 3033 426 3105 domini,
443 3052 526 3107 quem
539 3035 617 3091 misit
633 3033 751 3106 Corsica,
768 3033 812 3091 vel
826 3053 909 3107 quem

123 3131 375 3188 Tauromenitanae
389 3150 478 3205 rupes,
495 3133 606 3206 quando
621 3150 701 3188 omne
715 3137 857 3205 peractum
872 3137 914 3189 est

122 3233 153 3285 et
167 3229 224 3285 iam
238 3228 340 3285 defecit
354 3234 480 3286 nostrum
495 3248 578 3302 mare,
595 3229 662 3285 dum
677 3229 742 3301 gula
756 3230 853 3301 saevit,

122 3326 231 3383 retibus
246 3326 370 3382 adsiduis
383 3328 495 3399 penitus
509 3333 652 3384 scrutante
666 3327 781 3384 macello
999 3357 1024 3396 95

121 3424 257 3497 proxima,
274 3442 324 3480 nec
337 3424 460 3496 patimur
474 3423 649 3498 Tyrrhenum
663 3443 782 3484 crescere
797 3428 907 3500 piscem.

327 3555 352 3594 80
364 3553 477 3594 distendat
485 3569 506 3593 a.
692 3556 717 3595 91
731 3555 797 3596 Afros
805 3572 822 3599 c.
