2484 3950
199 211 230 258 10
472 207 503 257 D.
524 201 827 258 luutr'ruvuunnls

198 358 308 410 aestuat
322 352 436 410 occultis
451 353 560 410 animus
574 370 735 425 semperque
750 352 893 409 tacendisl
1074 378 1099 415 50

198 450 248 507 Nil
263 450 316 507 tibi
330 451 471 508 redebere
485 456 575 524 putat,
591 450 632 506 nil
646 451 767 508 conferat
781 467 912 522 unquam,

197 549 359 621 participem
372 549 421 620 qui
435 553 463 606 te
478 550 576 606 secreti
589 549 656 605 fecit
669 548 796 605 honesti:

197 663 276 701 carus
290 644 343 702 erit
357 644 446 717 Verri,
462 647 511 717 qui
525 644 642 703 Verrem
657 652 787 718 tempore,
803 664 858 717 quo
871 645 942 714 vult,

197 760 322 799 accrrsarc
337 748 435 815 potest.
482 743 567 799 Tanti
581 743 635 800 tibi
649 761 704 799 non
718 744 756 799 sit
770 743 848 814 opaci

197 840 285 896 omnis
299 857 383 896 arena
396 839 466 913 Tagi
479 840 607 913 quodque
621 841 651 896 in
666 858 741 897 mars
754 839 879 896 volvitur
892 857 999 908 aurum,
1073 866 1097 903 55

196 942 229 993 ut
243 954 339 994 somno
352 955 445 995 careas
458 938 639 1010 ponendaque
652 937 775 1009 praemia
788 955 882 994 sumas

196 1033 286 1090 tristis
301 1040 329 1090 et
343 1052 360 1090 a
373 1053 474 1107 magno
488 1053 595 1107 semper
609 1035 735 1092 timearis
748 1036 844 1094 amice.

196 1266 355 1314 58·106.-I
372 1271 460 1315 cannot
482 1267 575 1315 cadara
596 1282 614 1314 a
635 1266 712 1314 Greek
731 1267 823 1324 Roma
845 1265 899 1313 aad
920 1280 975 1312 now
997 1278 1033 1311 wa
1054 1279 1098 1311 ore

260 1342 357 1391 haslud
374 1346 456 1407 ocutos
471 1344 613 1405 eoerytlciup
630 1344 660 1405 dy
678 1344 773 1402 Greek,
795 1343 849 1390 nobo
869 1357 913 1390 arc
929 1357 955 1391 so
972 1341 1093 1399 versatile,

255 1420 393 1481 stertinian,
407 1422 460 1469 aad
472 1421 642 1482 hypocriltccl,
656 1421 710 1470 aaa
720 1436 763 1481 we,
777 1419 832 1468 who
843 1420 920 1470 cuim
931 1424 954 1468 tc
970 1420 995 1467 be
1007 1419 1096 1476 umet,

260 1497 321 1546 hooc
332 1513 363 1545 ao
375 1498 463 1547 adnare
474 1499 574 1560 nquinat
585 1499 657 1545 them,

237 1617 314 1687 Quae
328 1636 401 1674 nunc
414 1617 550 1675 divitibus
564 1637 631 1691 gens
645 1619 837 1692 acceptissima
850 1619 953 1675 nostris

196 1722 225 1774 et
239 1735 308 1790 quos
322 1717 468 1790 praecipue
482 1717 596 1790 fugiam,
613 1718 765 1790 properabo
778 1718 867 1790 fateri,

196 1832 245 1870 nec
259 1815 347 1888 pudor
360 1813 492 1871 obstabit.
536 1815 565 1871 N
567 1834 603 1871 on
617 1832 730 1888 possum
744 1816 823 1887 ferre,
841 1815 972 1886 Quirites,
1071 1831 1096 1870 co

196 1911 329 1970 Graecam
344 1912 457 1969 urbem:
480 1913 608 1986 quamvis
622 1918 709 1986 quota
721 1914 812 1986 portio
825 1912 908 1969 saccis
923 1912 1046 1969 Achaeil

195 2010 377 2083 Iampridem
392 2010 478 2082 Syrus
492 2012 521 2067 in
536 2011 659 2068 Tiberim
673 2011 791 2069 defluxit
806 2011 931 2069 Orontes.

195 2107 327 2164 Rusticus
341 2108 388 2164 illc
403 2114 469 2165 tuus
483 2109 571 2166 sumit
585 2109 772 2182 trechedipna,
790 2108 913 2180 Quirine,
1071 2125 1096 2174 ⁶7

195 2210 223 2260 et
237 2205 400 2262 ceromatico
414 2205 470 2261 fert
486 2206 616 2263 niceteria
631 2206 708 2265 collo.

195 2302 251 2358 Hic
265 2301 323 2358 alta
337 2301 461 2376 Sicyone,
478 2308 522 2359 ast
536 2303 582 2360 hic
595 2303 742 2375 Amydone
756 2304 860 2375 relicta,

194 2399 239 2456 hic
252 2400 356 2472 Andro,
373 2400 419 2457 ille
435 2400 527 2469 Samo,
543 2401 588 2458 hic
603 2401 743 2459 Trallibus
756 2408 807 2459 aut
820 2401 982 2472 Alabandis,
1071 2431 1097 2467 70

195 2496 334 2568 Esquilias
348 2497 508 2570 dictumque
522 2503 622 2570 petunt
635 2518 653 2554 a
666 2499 769 2556 vimine
783 2498 887 2569 collem,
980 2506 984 2511 ’

193 2596 298 2652 viscera
310 2613 473 2668 magnarum
487 2596 619 2654 domuum
635 2598 793 2671 dominique
808 2597 904 2655 futuri.

193 2692 339 2764 Ingenium
354 2692 441 2764 velox,
458 2693 573 2750 audacia
587 2694 705 2766 perdita,
721 2713 811 2751 sermo

125 2782 127 2787 ’
193 2773 336 2863 promptus
351 2796 379 2848 et
394 2790 473 2847 Isaeo
487 2792 643 2849 torrentior.
688 2791 754 2864 Ede,
771 2792 838 2864 quid
853 2790 931 2847 illum

193 2905 252 2943 esse
265 2888 366 2959 puteal
386 2906 468 2961 quem
483 2889 526 2944 vis
539 2887 680 2946 hominem
695 2907 788 2947 secum
803 2889 901 2946 attulit
916 2890 951 2946 ad
966 2908 1034 2946 nos:
1070 2917 1095 2955 7⁵

192 2986 397 3057 grammaticus,
414 2985 516 3057 rhetor,
532 2991 693 3059 geometres,
710 2988 807 3059 pictor,
825 2987 932 3060 aliptes,

192 3099 287 3152 augur,
304 3081 510 3154 schoenobates,
526 3083 658 3156 medicus,
674 3102 790 3155 magus:
812 3084 905 3140 omnia
917 3084 998 3139 novit

193 3175 344 3234 Graeculus
358 3178 498 3252 esuriens,
519 3180 548 3236 in
563 3179 677 3252 caelum,
694 3180 813 3252 iusseris,
829 3181 891 3238 ibit.

540 3311 563 3348 ul
578 3308 677 3348 Achaeae
687 3308 711 3348 P.
722 3307 749 3348 A.

422 3371 448 3413 ts
460 3371 549 3412 iusseris
558 3373 582 3413 P.
594 3389 614 3413 ω.
629 3373 714 3414 miseris
724 3374 750 3414 A.
761 3384 821 3414 naen
828 3374 853 3413 P.
