2484 3950
203 332 249 378 100
468 328 498 377 D.
521 328 614 378 IUNll
634 328 824 380 IUVENALIS

202 506 416 558 uana-Now
426 509 448 557 c'i
458 509 543 556 would
553 513 594 557 ποι
605 509 631 557 bc
642 508 788 573 samaqisor
798 525 815 558 a
825 511 925 572 cardea.
958 511 1065 560 Accricc
1076 513 1100 559 is

265 585 304 633 tle
314 591 375 635 accat
382 586 482 649 prolific
492 601 575 635 source
586 588 615 649 os
622 588 704 636 crime.

201 700 284 759 Nunc
298 703 395 760 modus
409 703 453 760 hic
468 704 527 776 agri
541 709 636 760 nostro
650 723 705 761 non
719 705 820 761 sufficil
834 704 921 763 horto.

201 797 270 855 Inde
284 798 340 856 fere
354 799 486 857 scelerum
500 819 616 875 caueae;
637 819 687 858 nec
701 801 782 875 plura
794 820 901 859 venena

200 896 319 969 miscuit,
336 901 386 954 aul
399 898 471 954 ferro
484 903 627 970 grassatur
641 899 750 971 saepius
764 897 852 954 ullum

200 992 336 1050 humanae
350 994 451 1050 mentis
465 994 574 1067 vitium,
592 1013 677 1067 quam
691 1013 774 1052 saeva
788 995 887 1068 cupido
1062 1023 1098 1063 175

200 1089 340 1146 immodici
354 1108 467 1149 census:
489 1109 554 1148 nam
568 1091 647 1148 dives
662 1092 710 1164 qui
723 1093 783 1149 fieri
797 1093 868 1165 vult,

199 1191 229 1243 et
242 1187 297 1243 cito
311 1186 373 1244 vult
387 1187 453 1244 fieri.
495 1187 550 1245 Sed
563 1206 634 1261 quae
649 1190 803 1247 reverentia
816 1190 916 1262 legum,

199 1284 262 1356 quis
275 1290 367 1341 melus
380 1291 430 1342 aut
443 1285 533 1358 pudor
546 1291 589 1344 est
603 1306 737 1360 umquam
750 1288 922 1361 properantis
936 1287 1032 1345 avaril

200 1471 436 1525 limi—lasura
452 1476 538 1525 rather
553 1481 576 1525 lc
592 1477 632 1525 ihc
643 1477 727 1526 adarim
738 1477 767 1540 os
780 1477 818 1526 ilic
830 1476 959 1527 Sabelliani
968 1480 1059 1539 parcat
1075 1481 1098 1525 lc

263 1553 304 1602 his
314 1568 377 1604 scau.

202 1668 323 1727 “Vivite
337 1671 461 1727 contenti
475 1670 575 1728 casulis
589 1675 618 1728 ei
633 1671 749 1729 collibus
763 1671 834 1742 istis,

199 1786 215 1824 ο
228 1768 306 1841 pueri
318 1768 348 1826 l''
390 1769 501 1826 Marsus
515 1768 625 1826 dicebat
639 1774 668 1826 et
683 1769 821 1826 Hernicus
836 1768 902 1825 clim
1061 1787 1097 1825 1s0

199 1865 386 1940 Vestinusque
400 1885 501 1940 senex;
524 1871 648 1940 “panem
662 1885 826 1939 quaeramus
840 1871 940 1938 aratro,

198 1965 247 2038 qni
260 1965 329 2023 satis
343 1971 386 2023 est
399 1966 518 2023 mensis:
540 1965 657 2040 laudant
671 1964 723 2022 hoc
737 1965 853 2023 numine
866 1965 946 2036 ruris,

199 2082 316 2136 qnorum
330 2083 380 2139 ope
394 2070 423 2121 et
436 2063 539 2121 auxilio
553 2068 649 2136 gratem
663 2069 727 2137 post
740 2082 842 2120 munus
856 2064 957 2121 aristae

198 2162 363 2235 contingunt
376 2162 482 2218 homini
495 2161 597 2218 veleris
610 2161 725 2219 fastidia
738 2180 863 2234 quercus

199 2259 250 2315 Nil
264 2260 382 2316 vetitum
395 2258 491 2316 fecisse
505 2258 589 2332 volet,
605 2277 689 2332 quem
703 2277 758 2315 non
774 2259 861 2332 pudet
875 2258 934 2316 alto
1060 2276 1096 2324 185

197 2375 247 2429 per
259 2356 375 2430 glaciem
389 2374 489 2429 perone
503 2357 560 2428 tegi
572 2376 581 2429 3
599 2341 664 2428 ‘qui
678 2360 835 2413 summovet
850 2356 938 2412 Euros

197 2454 316 2527 pellibus
330 2454 465 2528 inversis;
486 2454 631 2527 peregrina
644 2453 795 2526 ignotaque
809 2453 890 2510 nobis

197 2553 233 2610 ad
247 2551 336 2609 scelus
350 2555 434 2624 cique
449 2551 534 2622 nefas,
551 2568 729 2623 quaecunque
744 2555 795 2620 est,
808 2568 929 2622 purpura
943 2551 1088 2609 ducit.''-

197 2747 382 2799 resnou-Ia
393 2748 455 2797 ilaec
471 2748 534 2809 days
543 2746 646 2810 sallem
655 2761 716 2809 cryc
731 2746 796 2795 emir
806 2760 862 2795 acne
872 2750 896 2794 lc
902 2750 952 2808 psa
968 2761 1056 2809 cwccy
1066 2749 1097 2796 iu

261 2826 325 2875 cheir
331 2841 409 2888 punse
415 2844 427 2885 ;
443 2841 473 2873 aa
484 2826 595 2886 lawyers,
609 2840 639 2873 as
653 2825 800 2885 centurione,
814 2839 843 2872 aa
859 2823 1053 2885 lectur-cellere,
1068 2840 1098 2873 cr

260 2906 291 2953 ic
301 2919 353 2967 any
364 2903 431 2953 cler
441 2917 585 2964 criscecum
596 2903 674 2951 trade.

237 3021 314 3077 Haec
328 3020 370 3077 illi
384 3025 491 3078 veteres
504 3023 652 3092 praecepta
664 3019 834 3076 minoribus:
856 3023 886 3075 at
900 3036 973 3074 nunc

195 3123 259 3193 pcsl
273 3118 356 3175 finem
369 3118 498 3174 autumni
511 3116 603 3174 media
616 3116 651 3173 de
665 3121 745 3174 nocte
755 3117 885 3190 supinum
1057 3146 1097 3184 190

195 3216 330 3274 clamosus
344 3217 472 3273 iuvenem
485 3219 566 3289 pater
579 3214 701 3272 excitat:
725 3214 852 3287 “Accipe
867 3232 948 3285 ceras,

195 3313 290 3385 scribe,
306 3330 381 3385 puer,
396 3312 490 3386 vigila,
507 3330 603 3369 causas
617 3330 676 3384 age,
692 3311 800 3385 perlege
813 3311 911 3368 rubras

195 3413 329 3469 maiorum
342 3410 416 3482 leges
428 3430 435 3481 ;
455 3415 505 3467 aui
519 3412 607 3467 vitem
620 3428 701 3482 posce
715 3409 816 3477 libelle,

194 3509 243 3567 sed
257 3514 340 3580 caput
353 3508 491 3563 intactum
505 3507 579 3564 buxo
592 3523 726 3579 naresque
740 3505 842 3578 pilosas
