2484 3950
192 323 223 371 68
459 319 491 369 D.
513 319 606 370 IUNlI
626 318 816 369 IUVENALIS

193 492 412 549 tassia-Irim
422 501 503 548 mutua
519 498 565 546 olid
575 501 617 546 uot
633 511 688 545 succ
704 495 867 557 Bcllcrqoltou
883 510 911 544 or
922 495 1075 558 Hippolytus
1081 511 1093 554 ;

257 578 340 627 Silius
350 592 402 626 rous
418 577 523 626 tumuit
540 578 570 638 by
581 577 728 635 Maesulios
736 575 789 642 tuto
800 590 817 623 o
828 575 950 624 cctmtuul
965 575 1094 636 mauge

257 655 338 704 otuu
348 656 438 704 cosmed
448 655 490 703 lu's
500 654 581 704 dealt.

194 775 212 803 “
221 772 277 831 Sed
291 777 367 829 casto
381 771 449 845 quid
462 771 551 827 forma
564 775 646 827 nocet
654 770 665 827 ‘l
673 770 688 796 ''
731 769 805 839 Quid
818 770 924 842 profuit
937 770 1022 825 immo

193 870 348 942 Hippolyto
361 887 444 942 grave
458 868 650 941 proposituml
667 868 735 940 quid
749 866 977 939 Bellerophonti?
1057 894 1093 934 325

193 967 314 1024 Erubuit
328 985 426 1039 nempe
441 966 493 1023 hac
507 984 557 1023 ceu
570 966 699 1023 fastidita
712 964 828 1037 repulsa,

193 1083 242 1122 nec
258 1064 432 1122 Stheneboea
445 1065 537 1120 minus
551 1082 636 1136 quam
650 1062 750 1119 Cressa
764 1062 921 1135 excanduit,
937 1067 1010 1119 etse

193 1180 351 1219 concussere
365 1161 470 1218 ambae.
514 1160 617 1217 Mulier
631 1160 792 1216 saevissima
806 1164 873 1216 tunc
887 1165 938 1232 est,

193 1278 257 1317 cum
270 1258 400 1317 stimulos
413 1258 476 1315 odic
490 1259 579 1331 pudor
592 1258 730 1314 admovet.
775 1257 862 1329 Elige,
879 1257 1011 1330 quidnam

193 1357 366 1414 suadendum
380 1374 438 1412 esse
452 1360 543 1428 putes,
559 1355 604 1412 cui
617 1353 722 1411 nubere
737 1354 863 1411 Caesaris
878 1372 948 1410 uxor
1057 1383 1095 1421 ³³0

193 1455 323 1514 destinat.
369 1454 499 1527 Optimus
513 1453 558 1511 hic
572 1459 601 1511 et
614 1453 829 1510 formosissimus
842 1453 916 1510 idem

192 1553 284 1625 gentis
297 1552 429 1627 patriciae
443 1552 551 1625 rapitur
564 1551 648 1608 miser
664 1550 882 1622 exstinguendus

193 1650 359 1708 Messalinae
373 1649 478 1706 oculis:
499 1649 605 1706 dudum
619 1648 698 1706 sedet
712 1648 761 1705 illa
775 1653 872 1722 parato

192 1748 355 1819 flammeolo,
372 1748 526 1820 Tyriusque
539 1745 633 1819 palam
646 1745 763 1818 genialis
777 1746 807 1802 in
821 1746 910 1803 hortis

193 1847 335 1916 sternitur,
352 1849 381 1902 et
395 1844 453 1901 ritu
466 1844 556 1901 decies
570 1847 686 1900 centena
700 1843 842 1900 dabuntur
1057 1872 1095 1910 335
1197 1866 1201 1873 ·

193 1944 326 2016 antiquo:
347 1942 443 2001 veniet
456 1960 518 1999 cum
533 1939 721 2014 signatoribus
735 1958 846 2014 suspen

117 2022 121 2030 ¹
194 2041 271 2097 Haec
285 2046 318 2097 tu
331 2045 438 2098 secreta
451 2045 480 2097 et
494 2038 588 2112 paucis
603 2039 749 2096 commissa
762 2038 900 2111 putabat

194 2139 223 2196 N
223 2158 259 2196 on
272 2139 327 2195 uisi
340 2138 463 2210 legitime
477 2137 540 2194 vult
554 2137 665 2195 nubere.
710 2137 771 2210 Dic,
787 2137 900 2211 placeat
910 2137 986 2210 quid,

193 2237 223 2293 ni
236 2253 331 2309 parere
344 2234 422 2306 velis,
438 2235 610 2308 pereundum
625 2235 677 2292 erit
692 2240 756 2292 ante
770 2234 913 2294 lucernas:

193 2335 218 2391 si
231 2333 320 2391 scelus
335 2333 476 2406 admittas,
494 2332 607 2389 dabitur
620 2351 698 2389 mora
711 2332 834 2405 parvula,
850 2332 918 2389 dum
932 2351 975 2390 res
1058 2362 1096 2399 ³40

193 2437 260 2488 nota
274 2430 337 2487 urbi
351 2436 380 2488 et
396 2429 499 2504 populo
513 2430 657 2503 contingat
670 2431 801 2502 principis
814 2449 902 2487 aures.

195 2528 322 2586 Dedecus
336 2528 383 2585 ille
397 2527 497 2584 domus
510 2527 579 2584 sciet
592 2526 726 2585 ultimus:
747 2527 854 2584 interea
867 2532 900 2584 tu

194 2626 343 2698 obsequere
357 2625 490 2698 imperio:
512 2625 550 2681 sit
563 2625 638 2681 tanti
651 2625 712 2682 vita
725 2624 832 2681 dierum

194 2741 351 2796 paucorum.
396 2721 539 2794 Quidquid
553 2721 653 2777 melius
666 2721 808 2794 leviusque
822 2721 937 2794 putaris,

193 2820 350 2895 praebenda
364 2826 407 2878 est
420 2820 513 2893 gladio
526 2819 642 2892 pulchra
656 2819 724 2876 haec
737 2823 766 2875 et
780 2819 898 2876 candida
911 2820 1011 2879 cervix.
1059 2847 1096 2886 ³4⁵

195 2999 399 3048 arcera—Asc
410 2999 449 3048 tlte
459 2999 518 3061 pods
526 3002 549 3046 to
560 2998 691 3060 cleocsosor
701 3012 769 3060 1113·
781 2998 901 3060 propfer
908 2997 1012 3046 caououl
1022 2998 1097 3045 uetaret

259 3079 289 3125 tu
305 3093 322 3125 u
338 3077 419 3125 souud
437 3076 505 3138 body,
516 3076 637 3138 praqsor
653 3075 817 3137 tranquillity
833 3076 862 3136 of
874 3075 930 3122 seul
940 3074 1021 3123 sclicla
1037 3075 1097 3137 culp

259 3156 340 3204 uirtus
351 3170 398 3203 cuo
408 3155 468 3217 qiua.

238 3252 314 3311 “Nil
328 3272 392 3325 ergo
406 3251 544 3325 optabunt
558 3252 683 3310 homines
693 3251 726 3308 l''
768 3250 800 3308 si
813 3250 958 3307 consilium
972 3251 1022 3321 vis,

194 3353 339 3428 permittes
353 3351 421 3424 ipsis
435 3350 587 3423 expendere
601 3349 772 3417 numinibus,
788 3348 855 3422 quid

499 3468 536 3506 826
549 3467 610 3507 hoc.
626 3496 632 3507 .
648 3495 654 3507 .
670 3466 758 3517 repulso
766 3467 791 3506 P.

373 3533 410 3571 838
423 3530 471 3581 Dic,
482 3529 567 3581 puceu
576 3530 630 3581 quid
639 3530 662 3572 ll.
678 3529 736 3580 Quid
745 3528 838 3581 placeat,
848 3529 884 3569 dic
894 3543 914 3568 u
