2484 3950
493 286 627 338 SATURA
646 287 709 337 XIV
1002 290 1049 338 105

66 474 68 479 ,
149 435 287 489 aestivum
301 434 407 490 tonat.''
449 432 552 490 Infelix
566 433 618 490 hae
632 434 748 490 forsitan
762 435 823 507 ipsa
1013 461 1049 500 29⁵

148 536 229 587 nocte
244 531 324 588 cadet
338 531 435 587 fractis
449 531 583 602 trabibus,
599 531 743 603 fluctuque
756 536 897 605 premetur

148 630 273 700 obrutus,
290 634 318 685 et
333 647 430 685 zonam
444 629 525 686 laeva
538 647 685 700 morsuque
700 630 815 686 tenebit.

149 726 205 784 Sed
219 727 297 783 cuius
310 727 384 783 votis
399 726 481 783 modo
494 744 549 782 non
563 727 709 784 suffecerat
723 745 829 798 aurum,

148 823 223 896 quod
238 823 329 896 Tagus
343 828 372 880 et
386 823 471 880 rutila
484 823 574 880 volvit
588 823 720 880 Pactolus
734 842 824 894 arena,

148 921 250 995 frigida
263 921 399 978 sufficient
413 921 538 978 velantes
551 922 667 993 inguina
680 922 764 994 panni
1012 953 1050 989 300

148 1021 318 1093 exiguusque
332 1020 417 1091 cibus,
434 1039 524 1077 mersa
537 1025 597 1077 rate
611 1021 761 1092 naufragus
774 1039 864 1077 assem

149 1118 216 1174 dum
230 1123 318 1190 rogat,
334 1122 363 1174 et
376 1119 452 1190 picta
466 1136 495 1175 se
510 1123 678 1191 tempestate
693 1122 795 1176 tuetur.

112 1356 114 1359 ·
149 1338 363 1386 accole-Aua
381 1337 448 1384 ubal
467 1338 568 1399 amutp
579 1339 609 1385 ia
628 1338 731 1400 leecpiup
749 1338 814 1386 ubal
833 1353 883 1400 you
899 1337 959 1386 haue
976 1344 1049 1387 uon!

213 1416 280 1463 Loolc
290 1420 317 1462 ut
328 1416 434 1463 Licinus
443 1416 503 1463 wira
511 1416 552 1463 lais
557 1416 731 1478 sire-hruketsl
747 1417 801 1464 liora
809 1416 883 1464 mucii
891 1431 986 1465 amarer
997 1431 1049 1465 uua

213 1493 332 1554 Diopeuea
342 1494 372 1540 iu
383 1493 424 1540 lu's
435 1493 494 1541 tub!

190 1623 288 1679 Tantis
301 1627 382 1694 parta
396 1621 477 1678 malis
491 1640 557 1679 cura
571 1624 674 1680 maiore
688 1629 819 1696 metuque

148 1725 301 1778 servantur.
346 1720 449 1777 Misera
463 1725 506 1776 est
520 1722 614 1792 magni
629 1722 754 1778 custodia
771 1740 873 1778 census

149 1818 300 1890 Dispositis
314 1817 457 1889 praedives
470 1817 560 1874 hamis
575 1819 690 1890 vigilare
704 1819 844 1875 eohortem
1011 1847 1047 1885 305

148 1933 291 1973 servorum
305 1921 389 1971 noctu
403 1914 517 1970 Licinus
531 1915 617 1987 iubet,
634 1917 773 1973 attonitus
786 1934 836 1989 pro
943 1918 944 1921 ’

149 2015 249 2071 electro
263 2015 403 2086 signisque
417 2014 475 2070 suis
489 2013 666 2086 Phrygiaque
680 2014 815 2085 columna,

148 2117 233 2184 atque
247 2112 327 2167 ebore
342 2117 371 2167 et
384 2111 444 2168 lata
457 2111 604 2167 testudine.
646 2111 730 2167 Dolia
743 2112 812 2168 nudi

148 2228 203 2266 non
218 2210 316 2265 ardent
332 2208 445 2280 Cynici:
468 2210 492 2265 si
507 2210 628 2281 fregeris,
644 2210 732 2266 altera
747 2210 795 2266 fiet

148 2325 208 2363 eras
222 2306 328 2373 domus,
344 2311 394 2362 aut
408 2306 504 2362 eadem
518 2305 633 2378 plumbo
647 2307 792 2363 commissa
805 2308 937 2367 manebit.
1010 2337 1047 2373 310

149 2403 242 2459 Sensit
256 2402 422 2474 Alexander,
439 2408 513 2459 testa
527 2420 589 2459 cum
603 2403 677 2459 vidit
690 2403 720 2458 in
734 2402 782 2459 illa

147 2518 279 2571 magnum
293 2499 488 2570 habitatorem,
504 2504 609 2571 quanto
624 2499 728 2556 felicior
741 2500 794 2571 hic,
811 2503 859 2573 qui

147 2597 188 2654 nil
202 2602 321 2670 cuperet,
339 2615 422 2669 quam
436 2598 485 2669 qui
499 2602 591 2653 totum
606 2598 660 2654 sibi
674 2603 797 2669 posceret
812 2598 913 2669 orbem,

147 2713 279 2768 passurus
292 2696 378 2767 gestis
392 2695 536 2767 aequanda
548 2695 670 2768 pericula
683 2696 771 2753 rebus.

148 2916 344 2977 315-331.-Mp
355 2917 439 2963 aduae
450 2917 479 2975 ia,
497 2916 539 2962 uu
550 2916 645 2977 cecropis
656 2921 679 2964 to
690 2921 790 2978 support
802 2917 846 2979 life
857 2917 910 2964 arrd
920 2931 952 2964 uo
963 2932 1047 2976 mom

212 3009 241 3041 or
256 2995 284 3055 if
299 2993 353 3040 lbet
369 2993 425 3040 soill
443 2997 485 3041 uot
504 2994 543 3053 do,
556 2998 594 3054 pot
613 2994 652 3041 the
671 2997 811 3055 equestrium
829 2996 928 3054 lucorue,
943 3010 975 3055 or¹
990 3010 1046 3043 cocu

212 3072 299 3119 double
310 3070 363 3119 clar
370 3090 381 3129 ;
398 3071 425 3134 is
436 3087 485 3133 you
495 3076 564 3120 ualet
574 3087 647 3129 more,
660 3072 699 3120 tho
709 3071 799 3120 weultb
810 3073 840 3134 of
852 3072 952 3121 Croesus
962 3074 1047 3121 would

212 3153 255 3197 aot
264 3150 355 3211 satissp
366 3164 421 3210 pou.

148 3279 268 3336 Nullum
282 3296 384 3334 numen
398 3278 492 3360 habes,
508 3280 532 3335 si
546 3279 584 3335 sit
599 3279 769 3339 Prudentia:
791 3299 841 3336 nos
855 3285 891 3351 te,
1009 3308 1045 3347 315

147 3395 198 3433 nos
212 3377 336 3446 facimus
354 3375 485 3447 Fortuna,
501 3376 598 3435 Deam.
643 3377 776 3434 Mensura
790 3384 884 3435 tamen
898 3397 968 3451 quae

147 3471 266 3526 sufficiat
281 3487 386 3539 census,
402 3471 426 3526 si
440 3472 502 3542 quis
516 3489 560 3528 me
575 3472 709 3539 consulat,
723 3472 820 3530 edam:
