2484 3950
494 357 629 408 SATURA
647 356 685 407 IV
765 434 770 443 x
1011 363 1042 411 23

144 503 205 574 quis
219 519 310 558 comes
323 500 427 572 utilior,
443 502 468 557 si
482 500 559 557 clade
573 506 603 557 et
616 506 694 573 peste
708 500 761 558 sub
775 501 825 557 illa

143 601 288 657 saevitiam
302 599 433 656 damnare
447 604 476 656 et
490 599 638 656 honestum
652 599 758 656 adferre
772 599 867 657 liceret
1018 617 1042 666 8⁵

143 697 306 755 eonsiliuml
348 696 403 754 Sed
417 698 485 770 quid
498 697 648 754 violentius
662 715 728 755 aure
743 699 864 769 tyranni,

142 813 205 852 eum
220 814 275 868 quo
289 796 323 853 de
337 795 440 868 pluviis
453 800 503 852 aut
517 795 641 852 aestibus
655 800 705 851 aut
719 796 844 853 nimboso

143 912 205 950 vere
219 894 339 950 locuturi
352 894 444 950 fatum
457 893 596 966 pendebat
610 893 711 951 amicit

143 993 195 1049 Ille
209 993 296 1065 igitur
309 1011 461 1065 numquam
475 992 577 1049 direxit
590 992 704 1049 brachia
718 997 815 1050 eontra

142 1096 300 1163 torrentem,
316 1108 366 1146 neo
380 1091 448 1147 civis
462 1095 530 1161 erat,
547 1091 595 1162 qui
608 1090 698 1147 libera
710 1095 804 1163 posset
1015 1119 1042 1157 90

33 1234 36 1239 ,
141 1188 226 1245 verba
240 1188 325 1243 animi
338 1186 459 1260 proferre
473 1192 503 1243 et
517 1188 606 1243 vitam
619 1186 777 1258 impendere
791 1205 864 1244 vero.

142 1285 188 1343 Sic
202 1285 306 1342 multas
319 1285 424 1342 hiemes
438 1289 522 1356 atque
537 1286 705 1356 octogesima
718 1284 791 1341 vidit

140 1383 268 1454 solstitia,
286 1382 330 1439 his
344 1384 428 1439 armis
441 1382 491 1438 illa
504 1400 613 1455 quoque
628 1387 708 1439 tutus
722 1381 837 1461 insula

24 1528 26 1559 s
141 1482 287 1538 Proximus
301 1480 424 1538 eiusdem
438 1480 604 1554 properabat
617 1479 725 1537 Acilius
739 1481 801 1537 aevi

141 1597 204 1636 oum
217 1580 323 1651 iuvene,
339 1579 460 1650 indigno,
477 1595 559 1650 quem
573 1596 648 1634 mors
662 1583 721 1634 tam
735 1596 819 1635 saeva
832 1585 957 1637 maneret
1015 1607 1040 1647 9⁵

140 1682 169 1734 et
183 1677 288 1734 domini
300 1676 401 1749 gladiis
415 1681 474 1732 tam
488 1675 638 1732 festinata:
659 1675 708 1732 sed
722 1676 788 1732 olim

140 1773 264 1847 prodigio
277 1792 328 1846 par
341 1778 384 1830 est
398 1773 428 1828 in
442 1772 588 1829 nobilitate
603 1778 748 1831 senectus:

140 1873 214 1930 unde
227 1873 268 1945 fit,
285 1878 318 1929 ut
331 1872 428 1929 malim
442 1870 608 1929 fraterculus
623 1890 682 1929 esse
697 1872 835 1944 Gigantis.

141 1970 249 2028 Profuit
264 1990 327 2043 ergo
341 1970 412 2027 nihil
426 1969 533 2041 misero,
550 1969 625 2042 quod
639 1971 762 2027 cominus
776 1990 856 2029 ursos

139 2069 243 2141 figebat
257 2068 403 2139 Numidas,
420 2067 532 2124 Albana
544 2067 637 2125 nudus
650 2087 734 2125 srena

139 2171 262 2223 venator.
307 2165 375 2235 Quis
390 2165 464 2221 enim
478 2165 533 2220 iem
548 2184 603 2221 non
617 2165 764 2237 intellegat
777 2172 852 2223 11111

139 2262 288 2335 patricias?
329 2261 398 2332 Quis
413 2262 533 2334 priscum
548 2261 618 2317 illud
632 2262 750 2319 miratur
763 2281 887 2334 acumen,
931 2323 934 2328 ,

139 2362 235 2431 Brute,
251 2360 352 2417 tuuml
372 2359 452 2415 facile
467 2364 510 2415 est
523 2358 642 2416 barbato
656 2360 796 2431 imponere
810 2363 875 2434 regi.

138 2458 200 2515 Nee
213 2458 310 2514 melior
323 2457 412 2527 vultu,
429 2456 556 2528 quamvis
570 2456 707 2528 ignobilis,
724 2457 785 2515 ibat

138 2556 269 2627 Rubrius,
286 2556 405 2612 offensae
418 2556 521 2612 veteris
535 2573 598 2612 reus
611 2559 697 2627 atque
711 2557 852 2627 tacendae,
1003 2588 1038 2625 ως

138 2659 168 2711 ct
182 2659 277 2710 tamen
291 2653 443 2724 improbior
456 2657 580 2709 saturem
594 2653 731 2710 scribente
745 2655 865 2714 cinaedo.

137 2750 268 2807 Montani
282 2768 390 2823 quoque
403 2755 501 2806 venter
514 2749 601 2820 adest,
618 2750 765 2808 abdomine
780 2752 884 2824 tardus,
931 2819 934 2824 ,

137 2851 168 2905 et
182 2848 322 2903 matutino
336 2846 439 2903 sudans
454 2846 597 2919 Crispinus
612 2865 728 2920 amomo,

136 2950 276 3018 quantum
290 2945 338 3000 vix
351 2944 477 3000 redolent
491 2944 546 3000 duo
559 2945 658 3001 funera
666 2966 675 3019 3
697 2946 804 3002 saevior
818 2945 867 3002 illo

136 3043 286 3114 Pompeius
301 3042 379 3098 tenui
392 3042 500 3114 iugulos
514 3044 619 3115 aperire
634 3061 753 3115 susurro,

135 3146 167 3198 et
181 3141 230 3213 qui
243 3139 403 3196 vulturibus
417 3141 547 3197 servabat
560 3141 667 3197 viscere
680 3140 766 3197 Dacis

136 3238 253 3309 Fuscus,
269 3255 422 3293 marmorea
436 3237 587 3294 meditatus
601 3237 705 3309 proelia
719 3237 794 3308 villa,

135 3342 244 3394 etcum
258 3336 400 3392 mortifero
414 3336 535 3408 prudens
549 3335 668 3392 Veiento
684 3335 804 3407 Catullo,

135 3436 186 3508 qui
200 3452 343 3506 nunquam
357 3434 433 3489 visae
447 3434 583 3505 flagrabat
597 3451 689 3489 amore
703 3433 818 3506 puellae,

134 3531 242 3604 grande
250 3535 280 3587 11
289 3530 465 3602 conspicuum
475 3535 682 3603 nostroquoque
692 3535 815 3604 tempore
822 3538 990 3592 monstrum:
1001 3563 1037 3599 ης
