2484 3950
205 342 236 389 98
471 336 501 385 D.
524 335 617 386 IUNII
637 335 826 386 IUVENALIS

205 544 503 606 123-137.-Firsr‚pocy
510 549 561 593 octo
572 546 601 607 os
607 559 735 592 preconem
745 544 798 592 arrd
808 544 939 605 otiopirreee
947 558 990 591 are
1001 544 1103 605 leuchi,-

267 624 373 685 otc'otiop
383 623 468 682 elenau
478 624 582 684 poetico
594 622 624 684 dy
635 623 696 670 stole
703 622 850 683 provisions.

204 739 277 798 Sunt
291 739 427 812 quaedam
440 739 573 796 vitiorum
587 739 741 797 elementa:
763 738 807 796 his
820 740 947 812 protinus
961 738 1023 796 illos

203 836 304 893 imbuit
318 841 347 893 et
362 837 436 909 cogit
450 838 578 893 minimas
593 836 712 894 ediscere
726 837 838 910 sordes3

203 953 268 990 mox
281 934 445 1007 adquirendi
458 935 539 992 docet
552 934 711 992 insatiabile
724 940 831 993 votum.
1067 962 1103 1000 125

204 1031 352 1089 Servorum
365 1038 476 1089 ventres
490 1031 582 1088 modio
596 1032 715 1105 castigat
729 1032 832 1104 iniquo,

202 1130 261 1202 ipse
272 1147 380 1203 quoque
394 1131 532 1188 esuriens:
552 1130 724 1202 nequeenim
736 1130 829 1186 omnia
838 1131 960 1186 sustinet
969 1148 1102 1203 umquam

203 1226 313 1284 mucida
327 1226 444 1283 caerulei
457 1227 537 1300 panis
551 1244 710 1284 consumere
724 1227 822 1300 frusta,

203 1324 363 1381 hesternum
378 1323 477 1380 solitus
490 1323 582 1380 medio
596 1340 706 1380 serrare
720 1323 841 1380 minutal

203 1421 368 1494 Septembri,
383 1440 432 1478 nec
446 1440 501 1478 non
515 1420 625 1479 differre
638 1422 668 1479 in
682 1427 808 1494 tempora
821 1438 903 1478 cenae
1067 1448 1104 1485 130

203 1519 318 1576 alterius
332 1518 462 1576 conchem
476 1520 612 1576 aestivam
627 1537 690 1575 oum
704 1523 783 1592 parte
797 1517 893 1575 lacerti

202 1619 349 1690 signatam,
365 1616 411 1673 vel
425 1615 540 1673 dimidio
554 1616 684 1689 putrique
698 1616 791 1689 siluro,

202 1715 304 1788 filaque
319 1714 416 1771 sectivi
430 1718 576 1771 numerata
589 1713 729 1770 includere
743 1715 824 1786 porri.

204 1811 346 1868 Invitatus
360 1810 396 1867 ad
410 1810 477 1867 haec
491 1810 592 1882 aliquis
607 1810 642 1867 de
656 1815 740 1882 ponte
754 1810 875 1882 negabit.

92 1916 94 1925 ‘
203 1908 258 1967 Sed
272 1927 327 1983 quo
341 1909 455 1965 divitias
468 1908 535 1965 haec
549 1926 597 1982 per
611 1913 751 1965 tormenta
766 1913 881 1982 coactas,
1066 1933 1102 1973 13⁵

202 2026 265 2065 eum
279 2007 355 2064 furor
368 2007 444 2063 haud
458 2006 567 2079 dubius,
584 2025 647 2063 cum
662 2007 700 2064 sit
713 2007 862 2063 manifesta
874 2006 1024 2079 phrenesis,

202 2110 234 2162 ut
248 2104 370 2178 locuples
380 2105 516 2178 'moriaris
533 2106 640 2177 egentis
654 2106 747 2161 vivere
761 2104 839 2161 fatol

202 2335 427 2384 leuitt-Troo
437 2336 501 2385 cillo
515 2337 537 2384 r'a
550 2337 632 2384 added
648 2341 671 2385 to
687 2336 759 2397 oilla,
768 2336 832 2397 field
849 2340 871 2384 to
882 2336 946 2398 field
953 2354 963 2395 ;
980 2351 1009 2384 or
1024 2336 1052 2400 is
1063 2335 1104 2385 the

267 2427 359 2462 oroucrs
372 2413 426 2461 coill
437 2418 478 2463 not
489 2413 542 2473 rell,
555 2428 605 2475 pora
617 2414 649 2461 let
660 2429 724 2475 pour
734 2428 794 2461 orreo
805 2414 858 2461 into
869 2413 933 2461 their
944 2428 1017 2475 oropo.

203 2529 315 2587 Interea
327 2531 409 2603 pleno
423 2549 486 2587 oum
500 2535 595 2603 turget
608 2529 734 2587 sacculus
748 2548 801 2602 ore,

202 2628 300 2684 crescit
314 2644 391 2683 amor
405 2628 519 2699 nummi,
538 2632 675 2700 quantum
689 2627 750 2700 ipsa
763 2627 878 2699 pecunia
892 2627 989 2684 crescit
1001 2648 1009 2701 3

202 2728 231 2781 et
245 2725 337 2781 minus
351 2724 422 2780 hanc
436 2729 517 2797 optat
530 2724 579 2797 qui
593 2742 649 2781 non
663 2723 756 2783 habet.
799 2724 873 2797 Ergo
886 2730 1000 2797 paratur
1066 2754 1105 2790 140

203 2822 292 2879 altera
305 2822 374 2878 villa
387 2822 448 2895 ribi,
465 2840 528 2879 cum
541 2840 589 2880 rus
603 2841 659 2879 non
673 2823 774 2878 sufficit
788 2839 883 2894 unum,

202 2926 231 2977 et
245 2920 365 2993 proferre
379 2920 449 2977 libet
462 2919 539 2992 fines,
556 2920 697 2992 maiorque
711 2918 823 2976 videtur

203 3021 232 3074 et
245 3016 342 3073 melior
355 3017 447 3073 vicina
460 3034 555 3089 seges:
577 3017 706 3073 mercaris
721 3021 750 3073 et
765 3015 835 3073 hanc
849 3019 878 3073 et

202 3113 318 3170 arbusta
331 3119 360 3169 et
373 3113 459 3170 densa
473 3118 597 3170 montem
612 3113 660 3185 qui
675 3118 755 3170 canet
770 3113 850 3171 oliva.

203 3211 328 3280 Quorum
342 3209 366 3266 si
380 3211 469 3283 pretio
483 3209 611 3267 dominus
626 3228 681 3266 non
696 3210 817 3266 vincitur
830 3208 895 3281 ullo,
1067 3240 1104 3277 14⁵

202 3314 283 3366 nocte
297 3308 381 3366 bores
396 3309 481 3365 macri
495 3308 622 3382 lassoque
636 3308 763 3366 famelica
776 3307 845 3366 collo

378 3440 414 3478 131
429 3438 506 3479 aestivi
513 3451 535 3490 p.
545 3455 565 3479 a.
754 3441 790 3480 184
802 3439 891 3490 negavit
901 3440 924 3480 P.

513 3504 550 3542 139
563 3504 642 3544 erescit
651 3504 674 3544 F.
685 3503 755 3544 crevit
763 3504 787 3543 P.
