2484 3950
200 208 230 255 14
469 203 501 255 D.
522 204 616 255 IUNII
636 203 827 255 IUVENALIS

242 351 309 406 Pars
323 367 423 422 magna
438 349 537 405 Italiae
552 353 601 419 est,
618 350 754 406 sirenum
769 349 954 421 admittimus,
970 350 1069 422 inqua

199 467 280 504 nemo
294 453 389 520 togam
404 448 491 503 sumit
504 447 559 503 nisi
573 452 708 504 mortuus.
753 446 820 519 Ipsa
833 446 940 502 dierum

199 546 333 602 festorum
348 545 464 602 herboso
478 544 579 601 colitur
592 544 617 601 si
631 544 742 617 quando
757 544 867 601 theatro

200 645 338 714 maiestas,
355 642 523 714 tandemque
536 642 610 699 redit
625 642 660 698 ed
675 642 785 714 pulpita
798 647 896 698 notum

200 741 337 812 exodium,
353 758 416 796 cum
430 758 561 813 personae
576 739 707 812 pallentis
720 739 829 796 hiatum

200 840 230 895 in
244 838 347 910 gremio
361 837 458 893 matris
473 837 605 893 formidat
619 836 740 893 rusticus
753 836 853 907 infans,

200 934 328 1008 aequales
343 933 456 990 habitus
469 934 527 990 illio
541 933 717 1006 similemque
730 933 839 990 videbis

201 1033 369 1090 orchestram
384 1037 413 1089 et
426 1031 560 1105 populum
572 1053 578 1088 :
600 1030 667 1088 clari
680 1032 808 1089 velamen
823 1031 942 1102 honoris,

202 1131 342 1187 sufficiunt
356 1131 466 1186 tunicae
480 1130 596 1185 summis
611 1129 747 1186 aedilibus
762 1130 848 1188 albae.

202 1229 257 1284 Hic
271 1228 347 1284 ultra
360 1227 432 1283 vires
446 1226 559 1283 habitus
573 1227 666 1300 nitor,
687 1227 732 1283 hic
746 1227 851 1299 aliquid
865 1227 928 1299 plus
1064 1243 1100 1282 180

202 1345 285 1399 quem
300 1327 368 1382 satis
382 1329 426 1382 est
440 1324 582 1381 interdum
597 1325 687 1381 aliene
701 1326 821 1381 sumitur
835 1343 904 1381 arca

204 1423 356 1481 Commune
369 1422 399 1478 id
413 1421 514 1478 vitium
528 1427 588 1479 est:
609 1421 655 1478 hic
669 1422 790 1478 vivimus
804 1421 952 1478 ambitiosa

202 1524 366 1593 paupertate
380 1537 482 1577 omnes.
528 1518 601 1588 Quid
617 1524 645 1576 te
659 1520 768 1575 moroni
809 1518 911 1575 Omnia
925 1519 1030 1575 Romae

203 1637 266 1675 cum
280 1618 376 1689 pretio.
421 1616 494 1686 Quid
504 1616 563 1686 das,
579 1622 612 1673 ut
628 1616 744 1673 Cossum
756 1616 905 1688 aliquando
919 1616 1042 1674 salutesl

203 1721 236 1771 ut
251 1720 279 1770 te
293 1714 423 1786 respiciat
438 1713 530 1770 clauso
545 1713 665 1770 Veiento
678 1713 799 1770 labello?
1065 1731 1100 1779 185

206 1812 274 1869 ‘Ille
289 1812 370 1868 metit
384 1811 516 1882 barbam,'
535 1810 654 1868 ‘crinem
668 1811 713 1867 hic
727 1811 841 1883 deponit
855 1812 941 1868 amati
953 1812 976 1882 3’

203 1909 284 1983 plena
295 1908 392 1964 domus
405 1906 471 1963 libis
485 1908 639 1966 venalibus.
682 1907 793 1982 Accipe,
809 1914 838 1965 et
853 1908 929 1965 istud

203 2006 370 2063 fermentum
384 2004 437 2061 tibi
451 2004 540 2063 habe:
562 2011 702 2079 praestare
716 2007 824 2063 tributa
838 2006 952 2063 clientes

203 2104 325 2176 cogimur
339 2108 368 2159 et
382 2103 464 2160 cultis
479 2121 578 2176 augere
592 2104 701 2176 peculia
714 2104 808 2161 servis.

204 2346 441 2396 roualt-Tace
463 2346 528 2394 tlrcrc
545 2361 588 2393 ore
605 2345 644 2393 tha
666 2347 771 2408 danqcm
787 2347 815 2408 of
834 2346 873 2393 the
889 2350 976 2405 streete,
988 2346 1042 2393 arrd
1063 2346 1102 2394 tbe

268 2429 356 2477 cha-nce
367 2430 396 2490 of
404 2428 485 2489 lestap
495 2427 558 2475 onc's
570 2427 633 2474 little
644 2425 689 2487 cll,
704 2428 827 2489 uapitied,
842 2428 872 2488 by
878 2427 933 2488 fire.

246 2570 314 2641 Quis
329 2571 411 2626 timet
425 2574 475 2624 aut
489 2569 585 2624 timuit
599 2568 692 2640 gelida
706 2569 854 2625 Praeneste
869 2570 984 2640 ruinam,
1066 2598 1102 2635 ιφ

204 2673 255 2724 aut
269 2667 367 2740 positis
381 2683 525 2721 nemorosa
538 2665 613 2721 inter
627 2666 692 2737 iuga
706 2664 848 2736 Volsiniis,
864 2671 914 2721 aut

204 2763 377 2836 simplicibus
392 2761 497 2833 Gabiis,
515 2766 565 2817 aut
579 2763 659 2833 proni
674 2761 784 2818 Tiburis
799 2762 879 2818 arcet

205 2861 265 2917 Nos
279 2860 376 2917 urbem
390 2859 505 2915 colimus
519 2859 597 2915 tenui
612 2859 725 2915 tibicine
739 2859 840 2915 fultam

205 2976 306 3030 mogus
319 2962 398 3030 parte
412 2957 474 3028 sui3
495 2974 560 3012 nam
575 2957 614 3011 sic
628 2954 786 3012 labentibus
801 2955 895 3011 obstat

205 3054 303 3111 vilicus
318 3058 348 3110 et
362 3054 464 3109 veteris
478 3054 564 3108 rimae
578 3070 642 3108 curn
657 3052 729 3108 texit
743 3052 851 3108 hiatum

205 3167 313 3206 securos
328 3147 465 3220 pendente
479 3146 556 3203 iubet
571 3146 689 3203 dormire
704 3147 789 3204 ruine.

205 3244 364 3302 Vivendum
378 3250 422 3300 est
436 3244 499 3314 illic,
516 3244 564 3300 ubi
578 3244 656 3299 nulla
669 3245 802 3315 incendia,
819 3246 889 3301 nulli

205 3347 286 3398 nocte
300 3346 398 3398 metus.
444 3340 503 3396 Iam
516 3341 605 3412 poscit
619 3358 728 3413 aquam,
744 3341 800 3398 iam
815 3342 916 3399 frivola
930 3343 1063 3399 transfert
