2484 3950
488 356 623 407 SATUBA
642 356 684 406 111
1004 357 1034 404 11

29 550 36 573 ,
137 503 172 560 In
186 521 302 574 summa,
318 521 373 560 non
388 503 505 561 Maurus
519 509 579 561 erat
592 522 681 577 neque
696 504 824 561 Sarmata
837 522 888 561 nec
902 503 1003 573 Thrax,

29 600 30 603 ’
137 599 184 672 qui
199 601 319 673 sumpsit
332 601 438 674 pinnas,
454 602 553 658 mediis
568 601 617 658 sed
631 606 714 658 natus
728 601 856 658 Athenis.
1011 617 1036 655 ao

137 698 247 754 Horum
261 717 311 771 ego
325 717 379 755 non
393 699 498 771 fugiam
513 699 675 770 conchylial
694 718 738 756 me
752 700 826 772 prior
839 699 886 756 ille

136 794 277 867 signabitl
297 795 439 869 fultusque
454 801 515 854 toro
528 797 640 854 meliore
654 797 795 854 recumbet

136 891 269 950 advectus
283 892 409 964 Romam,
425 912 480 965 quo
493 912 583 966 pruna
596 900 626 952 et
640 899 753 951 cottana
766 896 870 952 ventol

137 988 233 1062 Usque
248 989 316 1047 adeo
329 990 399 1046 nihil
413 996 464 1061 est,
480 991 554 1064 quod
567 998 663 1049 nostra
676 992 796 1048 infantia
808 991 915 1049 caelum

136 1086 230 1144 hausit
244 1089 386 1158 Aventini,
402 1088 486 1146 bacca
499 1090 608 1146 nutrita
623 1089 746 1147 Sabinal
1010 1107 1035 1155 85

137 1184 212 1254 Quid
225 1185 299 1257 quod
312 1186 445 1242 adulandi
459 1205 525 1258 gens
539 1187 755 1260 prudentissima
768 1186 866 1243 laudat
1060 1181 1063 1186 ’

136 1301 289 1340 sermonem
304 1283 417 1353 indocti,
431 1283 530 1340 faciem
544 1284 675 1341 deformis
688 1284 777 1355 amici,

136 1385 165 1437 et
179 1380 292 1454 longum
306 1381 423 1438 invalidi
437 1380 539 1438 collum
553 1382 705 1439 cervicibus
719 1387 820 1454 aequat

136 1478 274 1549 Herculis,
290 1479 431 1536 Antaeum
445 1478 540 1551 procul
554 1498 571 1535 a
584 1478 684 1536 tellure
697 1479 827 1549 tenentis,

136 1576 254 1633 miratur
267 1594 362 1633 vocem
376 1582 532 1649 angustam,
549 1595 604 1649 qua
617 1577 740 1634 deterius
754 1594 804 1632 nec
1010 1605 1036 1643 90

136 1672 183 1730 ille
198 1679 286 1744 sonat,
301 1693 357 1746 quo
370 1675 514 1731 mordetur
526 1674 631 1747 gallina
644 1675 744 1731 marito
756 1677 766 1730 l

137 1771 215 1828 Haec
228 1772 324 1829 eadem
338 1772 403 1829 licet
417 1777 446 1828 et
459 1771 539 1828 nobis
552 1771 683 1829 laudare:
704 1772 753 1828 sed
766 1771 823 1828 illis

136 1868 264 1926 creditur.
308 1869 354 1925 An
368 1869 472 1942 melior,
489 1888 552 1926 cum
567 1868 675 1925 Thaida
688 1869 816 1940 sustinet,
832 1874 882 1925 aut
896 1887 959 1925 cum

135 1986 249 2025 uxorem
263 1968 407 2025 comoedus
421 1969 481 2041 agit
494 1966 540 2025 vel
554 1967 661 2024 Dorida
674 1966 751 2024 nullo

136 2065 241 2122 cultam
254 2065 386 2139 palliolol
426 2065 531 2122 Mulier
543 2083 642 2137 nempe
656 2065 717 2137 ipsa
730 2064 848 2122 videtur.
1009 2092 1034 2131 9⁵

135 2161 165 2218 N
166 2180 196 2219 ec
210 2168 304 2220 tamen
318 2162 481 2234 Antiochus,
497 2163 614 2219 necarit
628 2162 762 2218 mirabilis
776 2160 833 2218 illic

134 2264 185 2316 aut
200 2260 351 2317 Stratocles
365 2265 415 2317 aut
429 2278 492 2317 cum
506 2260 583 2316 molli
594 2260 754 2316 Demetrius
770 2259 896 2317 Haemo:

134 2358 212 2415 natio
225 2358 355 2416 comoeda
369 2363 418 2415 est
463 2358 557 2430 Rides,
574 2358 677 2414 maiore
691 2357 823 2414 cachinno

135 2457 291 2512 concutitur
303 2478 311 2527 3
331 2456 388 2527 fiet,
405 2456 428 2513 si
443 2456 569 2512 lacrimas
583 2456 726 2529 conspexit
740 2456 828 2526 amici,

134 2571 185 2610 nec
199 2553 291 2625 dolet,
312 2553 465 2626 igniculum
478 2553 593 2610 brumae
607 2554 632 2609 si
647 2558 771 2625 tempore
784 2571 887 2626 poscas,

134 2651 235 2722 accipit
249 2651 455 2722 endromidem3
477 2651 501 2707 si
515 2651 625 2721 dixeris,
644 2651 773 2719 ‘aestum'
788 2650 879 2709 sudat.

133 2746 201 2802 Non
214 2765 309 2802 sumus
323 2764 387 2819 ergo
401 2764 488 2819 pares,
503 2746 600 2803 melior
614 2747 662 2819 qui
676 2765 783 2819 semper
797 2751 825 2803 et
840 2746 915 2802 omni

133 2848 215 2900 nocte
229 2844 328 2916 dieque
342 2849 435 2916 potest
449 2844 539 2899 aliena
553 2862 661 2901 sumere
676 2843 785 2900 vultum
999 2873 1035 2911 105

133 2959 151 2996 a
164 2939 241 3011 facie,
257 2942 360 2998 iactare
374 2958 481 3011 manus,
496 2940 610 2997 laudare
624 2946 744 3013 paratus

133 3129 301 3179 114-125.-1
309 3130 389 3191 mipht
399 3131 442 3179 tall
453 3132 483 3192 of
490 3130 583 3178 darlccr
593 3131 716 3178 traatoacos
727 3130 756 3191 of
763 3129 896 3191 treachery.
935 3130 1035 3191 Olcarly

198 3206 263 3255 there
280 3209 303 3256 ic
320 3224 352 3256 ao
368 3223 436 3257 roem
446 3210 493 3271 sor
503 3223 521 3256 1
537 3210 637 3257 Boccare
652 3207 799 3266 1111111111
815 3207 857 3255 old
873 3208 959 3256 clienta
974 3208 1036 3257 hacc

198 3289 221 3333 to
232 3286 285 3347 piae
296 3300 353 3347 way
364 3290 387 3334 to
398 3286 459 3335 thece
470 3286 623 3347 interlopers.

174 3402 213 3459 Et
226 3402 356 3474 quoniam
371 3404 460 3476 coepit
474 3403 642 3460 Graecorum
656 3402 768 3474 mentio,
785 3402 873 3459 transi

374 3509 398 3553 79
411 3510 436 3551 ln
448 3521 534 3551 summa
543 3511 566 3551 P.
577 3510 603 3550 A.
618 3510 647 3550 ad
657 3520 764 3549 1111111111
772 3525 792 3551 ω,
