2484 3950
466 308 600 360 stritus
618 308 686 360 VIII
988 315 1018 362 45

127 454 218 512 Prima
231 455 300 512 mihi
314 455 398 514 debes
411 456 497 514 animi
510 457 601 515 bona:
622 463 734 515 sanctus
748 459 843 517 haberi
939 480 942 485 ⁴

125 557 300 631 iustitiaeque
314 563 400 615 tenax
412 558 494 616 iactis
508 559 645 631 dictisque
659 560 778 633 mereris,
995 588 1020 627 25

126 672 240 726 agnosco
253 673 399 727 procerem.
443 656 533 729 Salve,
549 655 701 728 Gaetulice,
717 662 814 714 sautu

126 750 242 822 Silanus,
258 769 420 825 quocunque
434 752 488 809 alio
504 752 538 809 de
551 754 692 825 sanguine,
708 771 786 810 rarus

126 848 191 906 civis
206 852 234 905 et
248 848 374 921 egregius
387 849 494 922 patriae
508 850 645 922 contingis
660 851 763 909 ovanti

128 944 287 1002 Exclamare
300 945 378 1018 libet,
394 945 513 1019 populus
527 946 601 1018 quod
616 945 725 1019 clamat,
743 947 817 1005 Osiri

126 1043 244 1100 invento.
289 1042 357 1111 Quis
372 1043 445 1099 enim
458 1061 621 1116 generosum
635 1043 736 1100 dixerit
750 1043 831 1116 huno,
847 1046 897 1117 qui
996 1074 1022 1111 30

126 1139 253 1211 indignus
266 1157 365 1212 genere
379 1144 408 1196 et
421 1140 560 1213 praeclaro
574 1140 684 1197 nomine
698 1144 810 1197 tantum

125 1236 259 1308 insignist
299 1236 414 1294 Nanum
429 1237 571 1296 cuiusdam
585 1237 705 1295 Atlanta
718 1255 856 1309 vocamus,

125 1333 289 1406 Aethiopem
304 1353 430 1407 cygnum,
446 1353 561 1408 pravam
575 1339 766 1408 extortamque
780 1334 901 1408 puellam

126 1430 271 1504 Europen3
293 1432 406 1490 canibus
420 1434 506 1506 pigris
519 1432 665 1506 scabieque
678 1437 792 1490 vetusta

125 1528 233 1585 levibus
246 1533 275 1585 et
288 1529 376 1586 siccae
389 1529 577 1587 lambentibus
591 1549 640 1588 ora
652 1530 779 1588 lucernae
998 1558 1022 1597 3⁵

125 1643 225 1682 nomen
239 1627 292 1684 erit
305 1626 416 1700 pardus,
432 1628 519 1700 tigris,
535 1626 587 1699 leo,
602 1628 627 1685 si
641 1628 708 1701 quid
721 1627 812 1685 adhuc
825 1634 877 1697 est,

125 1723 199 1796 quod
213 1725 314 1781 fremat
328 1725 357 1781 in
371 1725 452 1782 terris
466 1725 624 1784 violentius.
668 1726 742 1799 Ergo
756 1726 865 1784 cavebis

125 1825 155 1878 et
168 1825 282 1894 metues,
299 1840 333 1879 ne
348 1826 381 1879 tu
394 1823 434 1879 sie
449 1821 575 1881 Creticus
589 1828 639 1880 aut
654 1823 824 1884 Camerinus.

126 2001 277 2050 sata-Be
288 2003 390 2051 worowd
401 2003 431 2065 by
442 2001 498 2061 tta,
508 2002 640 2053 Rubellius
650 2004 774 2062 Blandus,
783 2018 833 2066 you
844 2004 898 2053 coto
909 2009 988 2053 oouut
999 2006 1028 2067 of

191 2078 310 2140 impertiti
326 2079 425 2127 11111111.
461 2081 521 2129 Itis
534 2080 572 2128 sue
584 2081 699 2142 plebeius
713 2082 768 2130 cubo
783 2083 866 2131 mulces
879 2082 917 2130 1111
933 2083 1024 2146 sicilful

153 2175 156 2180 ·
186 2157 290 2217 peada
304 2156 357 2204 oud
372 2156 412 2205 tta
427 2156 559 2220 meoassful
575 2160 690 2219 penerel:
707 2174 757 2220 pou
770 2174 812 2207 ora
823 2174 840 2208 1
851 2175 916 2208 usare
930 2159 1026 2207 mortio

152 2270 155 2276 .
190 2231 261 2292 baad,
269 2231 324 2293 fiac
336 2232 378 2280 aa
388 2232 483 2283 useless

167 2347 222 2403 His
235 2364 286 2419 ego
300 2363 382 2418 quem
396 2348 490 2404 monui
502 2349 513 2403 1
533 2352 625 2405 tecum
639 2353 683 2406 est
696 2351 766 2408 mihi
779 2370 876 2424 sermo,
892 2352 1005 2411 Rubelli

124 2446 240 2505 Blande.
284 2444 386 2502 Tumcs
399 2445 458 2502 alto
471 2445 626 2503 Drusorum
641 2452 795 2523 stemmate,
812 2455 956 2523 tamquam
1001 2481 1026 2517 40

56 2538 60 2550 '
124 2543 223 2601 feceris
236 2543 295 2615 ipse
308 2541 421 2615 aliquid,
438 2545 638 2617 propterquod
652 2546 753 2604 nobilis
767 2565 848 2621 esses,

123 2645 158 2697 ut
173 2645 202 2697 te
216 2640 371 2711 conciperet
385 2659 455 2714 quae
469 2642 602 2715 sanguine
615 2642 706 2716 fulget
721 2644 785 2718 Iuli,

33 2771 34 2780 1
123 2755 182 2793 non
196 2755 266 2809 quaa
279 2741 395 2795 ventoso
409 2738 545 2797 eonducta
558 2740 610 2798 sub
626 2759 724 2814 aggere
739 2742 819 2802 texit

126 2834 214 2890 “Vos
228 2834 373 2906 humiles,''
386 2836 487 2910 inquis,
505 2839 523 2868 “
531 2837 610 2910 vulgi
623 2857 687 2911 pars
700 2840 801 2898 ultima
814 2843 910 2913 nostri,

122 2950 244 3004 quorum
257 2950 338 2988 nemo
352 2938 437 3005 queat
451 2933 571 3006 patriam
585 2941 739 2995 monstrare
753 2940 893 3011 parentis:
1001 2968 1026 3006 45

123 3034 170 3086 ast
186 3047 236 3101 ego
250 3029 438 3101 Cecropides.''
480 3030 567 3087 Vivas
581 3035 610 3088 et
625 3033 738 3104 originis
752 3034 834 3091 huius

122 3126 230 3199 gaudia
242 3125 325 3198 longo
338 3126 428 3186 feras:
450 3133 543 3185 tamen
557 3130 615 3185 ima
628 3129 709 3201 plebe
723 3129 861 3199 Quiritem

123 3222 278 3279 facundum
292 3223 433 3296 invenies;
455 3224 525 3282 solet
539 3225 584 3282 hic
598 3226 746 3284 defendere
759 3246 856 3286 causas

123 3320 229 3377 nobilis
242 3320 365 3393 indocti3
385 3323 479 3379 veniet
493 3323 527 3379 de
541 3324 621 3395 plebe
636 3328 739 3398 togata,

125 3419 177 3490 qui
191 3418 259 3476 iuris
273 3418 359 3475 nodos
372 3424 402 3476 et
415 3419 507 3493 legum
521 3423 679 3494 aenigmata
693 3423 790 3483 solvat.
1002 3455 1028 3492 50

320 3524 345 3563 88
358 3534 446 3573 pravam
456 3525 479 3564 P.
491 3535 609 3575 pervemat
741 3530 765 3569 88
780 3529 839 3571 sisa.
