2484 3950
754 216 756 224 ,
904 220 907 221 ⁷
1055 216 1058 217 γ

710 236 718 250 -ι
750 230 844 253 .>ι“ι.“
872 240 904 255 0,
1028 226 1062 262 ‘a'

772 260 845 291 '⁹1⁸⁴
879 270 897 285 Η
999 256 1075 291 ’.ι’

501 292 636 344 SATURA
653 292 744 343 XIV’'
772 294 781 310 ⁶
808 296 844 312 ”⁴
884 300 891 311 ’
919 308 924 313 “
1002 284 1056 344 '101

681 354 687 365 J

667 370 671 379 ¹
737 392 742 397 .
778 382 787 395 θ
831 383 893 399 fluv*
922 386 926 397 Ι
960 392 981 399 ,,
1010 396 1018 403 ⁴

158 438 280 508 adnotet,
298 442 326 494 et
339 438 457 510 grandes
470 439 587 495 miretur
601 416 840 499 Laeliuablasbfi
935 437 945 477 Γ
956 418 1058 504 3⁰¹271'9l
1073 422 1082 436 υ
1104 428 1135 463 ⁵

158 535 247 591 Dirue
261 535 422 593 Maurorum
436 538 562 610 attegias,
579 536 694 594 castella
707 537 880 610 Brigantum,

159 640 192 689 ut
205 633 370 704 locupletem
384 635 507 706 aquilam
521 635 575 692 tibi
588 636 774 708 sexagesimus
788 655 877 693 annus

158 730 283 788 adferat:
305 735 362 802 aut,
378 731 474 804 longos
488 737 642 789 castrorum
656 733 726 790 ferre
739 733 847 791 labores

157 828 182 883 si
195 828 279 899 piget,
296 832 325 884 et
339 828 479 900 trepidum
492 829 605 885 solvunt
619 830 673 887 tibi
687 847 788 886 cornua
801 836 926 888 ventrem

158 942 220 980 cum
234 924 312 981 lituis
326 926 430 998 audita,
446 945 526 998 pares
540 926 614 998 quud
628 927 746 984 vendere
759 929 848 1000 possis
1020 959 1057 985 200

157 1023 244 1094 pluris
258 1023 381 1095 dimidio,
397 1043 448 1081 uec
462 1030 491 1081 te
505 1025 619 1082 fastidia
632 1027 730 1083 mercis

157 1119 242 1176 ullius
256 1121 374 1177 subeant
388 1121 557 1194 ablegandae
572 1122 696 1180 Tiberim
710 1124 793 1196 ultra,

157 1236 211 1274 neu
225 1218 319 1275 credas
333 1218 491 1291 ponendum
504 1220 613 1292 aliquid
628 1220 795 1278 discriminis
808 1222 882 1279 iuter

156 1323 300 1390 unguenta
313 1323 342 1375 et
356 1320 479 1392 corium,
499 1318 570 1376 lucri
583 1320 673 1377 bonus
688 1325 730 1377 est
744 1320 811 1377 odor
824 1339 859 1377 ex
872 1340 900 1377 re

158 1415 289 1487 qualibet.
333 1415 388 1471 Illa
402 1420 452 1472 tuo
466 1417 606 1473 sententia
619 1435 727 1490 semper
740 1419 770 1474 in
785 1436 830 1475 ore
1020 1447 1056 1484 205

156 1516 289 1581 versetur,
306 1511 349 1567 dis
363 1517 447 1584 atque
460 1514 520 1585 ipsc
534 1512 602 1569 Iove
616 1513 708 1586 digna,
724 1521 823 1587 poeta:

160 1607 249 1664 ‘unde
263 1608 373 1679 habeas,
390 1609 499 1681 quaerit
513 1627 612 1666 nemo:
634 1609 684 1666 sed
698 1615 808 1682 oportet
822 1611 941 1668 habere!
952 1611 1008 1653 ”—

158 1811 387 1860 wem—These
403 1827 447 1859 are
464 1811 503 1860 llic
519 1812 608 1860 casua
625 1813 747 1874 crawliaq
767 1814 822 1875 boys
838 1829 882 1862 arc
898 1813 985 1875 tuapht
1004 1815 1057 1863 aad

222 1889 316 1950 lispiaq
323 1890 393 1950 qirls.
436 1890 489 1948 Tea,
500 1890 553 1937 aad
564 1890 620 1952 they
628 1891 685 1938 will
691 1905 752 1952 pars
762 1906 812 1953 you
823 1893 853 1939 ta
860 1906 926 1952 pour
933 1907 988 1940 owe
996 1897 1052 1941 acts.

228 1965 297 2015 Your
307 1982 351 2015 son
362 1967 418 2015 will
429 1967 454 2015 be
469 1967 560 2029 ufalsc
573 1969 671 2016 edaces
688 1968 765 2031 before
781 1968 810 2017 lte
820 1968 905 2018 abanec
920 1969 961 2018 aa
972 1970 1052 2029 hard,

221 2045 274 2091 aad
284 2043 391 2105 alasfor
402 2043 440 2092 tbe
451 2045 509 2106 wife
520 2045 574 2093 wli-0
586 2046 670 2107 trians
680 2046 736 2095 lec'm
746 2062 798 2108 any
809 2047 890 2095 dona
897 2048 984 2096 l-luer
994 2048 1057 2110 days

221 2135 265 2168 arc
276 2120 414 2169 aumbercd.

158 2239 219 2295 Hoc
234 2243 391 2295 monstrant
405 2238 517 2295 vetulae
530 2241 623 2312 pueris
637 2242 797 2313 repentibus
810 2260 906 2314 assae3

157 2337 208 2393 hoc
222 2336 334 2393 discunt
348 2355 443 2394 omnes
457 2342 523 2394 ante
536 2337 621 2410 alpha
635 2342 664 2394 et
678 2337 744 2394 beta
758 2338 872 2411 puellae.

157 2435 272 2492 Talibus
286 2435 438 2491 instantem
452 2435 567 2491 monitis
581 2453 773 2507 quemcunque
786 2441 929 2508 parentem
1020 2466 1057 2492 210

157 2533 196 2588 sic
209 2550 317 2605 possem
331 2531 438 2587 adfari:
463 2535 480 2561 “
489 2532 551 2602 Dic,
568 2550 584 2588 0
599 2532 756 2603 vanissime,
772 2535 835 2605 quis
848 2538 877 2590 te

156 2630 288 2686 festinare
301 2629 399 2685 iubetl
419 2627 559 2685 meliorem
574 2634 685 2701 praesto
699 2631 832 2702 magistro

157 2727 330 2800 discipulum.
375 2725 492 2782 Securus
506 2726 571 2783 abi:
592 2727 718 2798 vinceris,
734 2732 767 2783 ut
781 2728 855 2785 Aiax

156 2824 299 2896 praeteriit
314 2822 498 2894 Telamonem,
515 2828 548 2879 ut
563 2822 647 2880 Pelea
661 2824 729 2880 vicit
744 2824 873 2881 Achilles.

158 2919 330 2977 Parcendum
344 2923 387 2976 est
401 2920 521 2976 teneris:
542 2920 665 2976 nondum
681 2920 829 2994 implevere
843 2921 998 2993 medullas,
1020 2950 1055 2986 215

156 3024 272 3075 naturae
286 3017 360 3074 mala
374 3019 500 3089 nequitia
514 3023 564 3075 est.
610 3017 682 3075 (lum
696 3024 804 3091 pectere
819 3018 934 3076 barbam

157 3117 284 3190 coeperit,
301 3121 329 3172 et
343 3114 440 3187 longae
454 3134 612 3172 mucronem
630 3116 779 3173 admittere
794 3116 884 3184 cultri,

156 3215 243 3271 falsus
257 3215 311 3271 erit
325 3214 416 3285 testis,
431 3213 534 3270 vendet
548 3215 669 3285 periuria
683 3233 792 3271 summa

156 3313 263 3384 exigua,
280 3316 309 3367 et
324 3310 431 3367 (leteris
446 3316 563 3383 tangens
577 3330 708 3383 aramque
723 3311 881 3383 pedemque.

303 3446 340 3483 199
353 3444 440 3493 trepido
449 3455 469 3493 p.
482 3460 502 3483 a.
606 3446 644 3485 208
658 3445 800 3496 poscentibus
809 3455 880 3484 assem
889 3460 904 3487 ς.

207 3509 244 3547 216
258 3508 355 3547 maturae
364 3522 379 3550 ς.
391 3508 512 3557 nequitiae;
525 3518 575 3547 cum
583 3519 604 3557 p.
616 3524 636 3549 a.
728 3510 766 3550 217
779 3508 843 3558 lenge
852 3509 876 3547 P.
884 3508 943 3556 longi
950 3518 971 3556 p.
983 3520 1002 3543 ω.
