2484 3950
195 297 225 344 28
470 295 501 346 D.
524 295 618 345 IUNII
639 294 828 345 IUVENALIS

194 446 223 498 et
237 442 281 498 oui
295 460 344 515 per
357 443 476 499 mediam
490 442 561 499 nolis
576 461 715 500 occurrere
730 449 847 515 noctem,

194 538 312 595 clivosae
326 538 434 595 veheris
449 540 516 596 dum
529 558 579 612 per
592 546 774 597 monumenta
789 541 913 600 Latinae.
1073 570 1096 608 55

196 634 261 691 Flos
274 636 358 693 Asiae
372 642 437 693 ante
451 638 550 709 ipsum,
567 638 657 711 pretio
671 639 773 694 maiore
788 644 901 712 paratus

196 750 278 804 quam
292 732 347 789 fuit
361 738 390 790 et
404 733 479 790 Tulli
493 752 591 791 census
604 736 738 807 pugnacis
753 740 781 792 et
795 735 875 807 Auci,

195 836 231 902 et,
248 848 282 887 no
296 835 325 887 te
339 836 457 903 teneam,
475 832 664 890 Romanorum
679 835 772 890 omnia
785 852 882 906 regum

195 927 299 986 frivola
346 928 425 998 Quod
440 949 503 987 cum
517 931 559 987 ita
572 932 618 1003 sit,
636 936 668 988 tu
683 931 835 990 Gaetulum
850 933 1041 1005 Ganymedem

195 1026 306 1099 respice,
323 1020 385 1083 c'um
400 1028 485 1086 sities.

197 1257 380 1306 coos-Ha
395 1257 525 1304 meamet
547 1272 629 1306 scmus
648 1263 672 1306 to
688 1273 753 1307 saroa
769 1273 786 1306 a
803 1260 883 1316 client,
900 1260 954 1307 aad
976 1258 1098 1306 rotnasce

260 1340 327 1400 quito
337 1338 433 1400 aucupia
444 1338 497 1386 thot
509 1353 558 1400 you
566 1338 656 1387 should
666 1342 699 1388 eit
710 1344 737 1387 ct
748 1341 787 1387 ull
798 1340 872 1389 while
883 1340 912 1388 hc
923 1340 969 1388 hoa
980 1344 1003 1388 to
1014 1341 1095 1390 stood.

560 1469 659 1525 Nescit
674 1474 718 1524 tot
732 1468 845 1525 milibus
859 1474 969 1541 emptus
1074 1489 1100 1526 oo

196 1567 362 1640 pauperibus
375 1566 489 1623 miscere
503 1583 588 1638 puer:
610 1565 659 1623 sed
673 1565 769 1636 forma,
785 1566 834 1623 sed
847 1571 924 1623 aetas

196 1664 280 1736 digua
294 1663 445 1736 supercilio.
491 1662 608 1732 Quando
623 1663 659 1719 ad
673 1668 702 1719 te
716 1664 843 1735 pervenit
857 1662 925 1721 illel

197 1761 307 1833 quando
321 1765 436 1833 rogatus
450 1760 530 1816 adest
544 1760 649 1816 calidae
663 1759 825 1833 gelidaeque
839 1760 985 1817 minister?

198 1857 305 1929 Quippe
320 1858 481 1929 indignatur
494 1857 582 1913 veteri
596 1875 691 1929 parere
705 1857 807 1929 clienti,

197 1955 325 2028 quodque
339 1954 445 2028 aliquid
459 1973 555 2029 poscae
569 1959 598 2012 et
611 1955 686 2028 quod
701 1974 730 2012 ee
744 1959 838 2013 stante
852 1955 1003 2013 recumbas,
1075 1974 1100 2021 65

198 2054 324 2110 Maxima
338 2071 462 2126 quaeque
476 2053 575 2110 domus
589 2055 676 2111 sorvis
691 2058 734 2111 est
747 2054 830 2126 plena
843 2054 976 2126 superbis.

198 2308 403 2359 dida-Thea
422 2323 472 2369 you
488 2308 550 2356 hooc
565 2308 633 2356 uara
649 2309 702 2356 aod
724 2308 829 2369 morcidp
846 2308 936 2356 broad·
952 2308 981 2355 loc
997 2307 1036 2356 tho
1054 2308 1100 2355 beot

262 2385 372 2434 aarum
377 2385 465 2447 fluum
481 2386 534 2434 arrd
545 2387 573 2448 is
579 2401 629 2448 poro
640 2387 695 2434 tolca
706 2386 757 2434 rau
767 2386 865 2434 trutcud
876 2387 906 2448 of
912 2400 975 2447 your
985 2400 1046 2444 oron,
1062 2385 1100 2433 tire

262 2464 328 2512 cloec
340 2463 431 2511 tumulto
442 2478 499 2525 you.

173 2649 175 2652 .
239 2593 317 2665 Ecce,
333 2593 405 2649 alius
419 2598 524 2664 quanto
538 2592 662 2664 porrexit
676 2610 817 2649 murmuro
830 2609 930 2664 panem

197 2693 245 2747 vir
259 2691 387 2762 fractum,
403 2690 509 2747 solidae
523 2691 579 2746 iam
592 2690 705 2746 mucida
718 2690 808 2747 frusta
821 2689 934 2759 farinae,

199 2807 270 2863 quae
283 2789 435 2861 genuinum
449 2789 564 2861 agitent,
581 2806 636 2844 non
651 2788 832 2845 admittentia
845 2806 984 2845 morsum:

197 2887 246 2943 sed
261 2891 339 2943 tener
353 2891 382 2942 et
396 2886 494 2942 niveus
507 2884 640 2956 mollique
654 2885 764 2958 siligine
779 2884 862 2941 fictus
1075 2914 1101 2950 ,ο

198 2989 326 3041 servatur
339 2983 458 3040 domiuo.
502 2983 639 3038 Dextram
653 2981 780 3038 cohibere
794 2986 933 3038 memento
945 3001 953 3054 3

198 3081 276 3138 salva
289 3082 327 3137 sit
341 3085 468 3153 artoptae
481 3080 653 3137 reverentia:
675 3079 748 3151 finge
762 3085 857 3137 tamen
871 3085 900 3136 te
921 3091 923 3095 “

199 3178 394 3250 improbulum,
411 3182 536 3251 superest
550 3176 615 3247 illio,
633 3178 681 3249 qui
695 3195 795 3250 ponere
809 3182 897 3250 cogat.

202 3279 219 3306 “
228 3275 280 3331 Vis
294 3279 327 3331 tu
341 3276 486 3347 consuetis,
503 3275 596 3331 audax
610 3274 736 3344 conviva,
750 3273 878 3329 canistris

199 3371 315 3444 impleri,
331 3373 465 3445 ponisque
478 3374 522 3429 tui
536 3373 646 3429 novisse
661 3371 777 3429 colorem
787 3371 820 3429 l''

524 3502 549 3542 70
562 3502 628 3541 flotus
637 3502 661 3540 P.
670 3501 742 3541 taetus
751 3516 772 3542 o.
