2484 3950
487 363 622 415 SATURA
640 364 683 413 III
1003 364 1033 411 11

135 510 171 567 In
185 528 301 581 summa,
317 528 372 567 non
387 510 504 568 Maurus
518 516 578 568 erat
591 529 680 584 neque
695 511 823 568 Sarmata
836 530 887 568 nec
901 510 1002 580 Thrax,

135 607 183 679 qui
198 608 317 680 sumpsit
331 607 437 681 pinnas,
453 609 552 665 mediis
567 608 616 666 sed
630 614 714 665 natus
727 609 855 665 Athenis.
1010 624 1035 662 ao

136 705 246 761 Horum
260 724 310 778 ego
324 725 378 763 non
392 706 497 778 fugiam
512 706 674 777 conchylial
693 724 737 763 me
751 707 825 779 prior
838 706 885 763 ille

134 802 276 874 signabitl
296 802 438 876 fultusque
453 807 513 860 toro
527 804 639 861 meliore
652 804 794 861 recumbet

134 899 268 956 advectus
282 899 408 971 Romam,
424 919 479 972 quo
492 918 582 974 pruna
595 906 625 958 ct
639 907 752 959 cottana
764 903 869 959 ventol

135 995 232 1069 Usque
246 997 315 1053 adeo
328 997 399 1053 nihil
412 1003 463 1068 est,
479 998 553 1070 quod
566 1005 662 1056 nostra
675 999 794 1055 infantia
807 999 913 1055 caelum

134 1093 229 1150 hausit
243 1095 385 1167 Aventini,
401 1095 485 1153 bacca
498 1097 607 1153 nutrita
621 1096 745 1154 Sabinal
1009 1114 1034 1162 ες

135 1191 211 1261 Quid
224 1192 298 1264 quod
311 1192 444 1250 adulandi
458 1212 524 1265 gens
538 1194 754 1267 prudentissima
767 1193 864 1250 laudat

134 1308 289 1347 sermonem
303 1290 416 1360 indocti,
430 1290 529 1348 faciem
543 1291 674 1348 deformis
687 1291 776 1361 amici,

135 1392 165 1445 et
178 1387 291 1461 longum
305 1388 422 1445 invalidi
436 1387 538 1445 collum
552 1388 704 1446 corvicibus
717 1393 819 1461 aequat

135 1485 273 1556 Herculis,
289 1486 430 1543 Antaeum
444 1485 539 1558 procul
552 1504 570 1542 a
583 1485 683 1543 tellure
697 1486 826 1555 tenentis,

134 1583 254 1640 miratur
266 1602 361 1640 vocem
376 1588 531 1656 angustam,
548 1602 603 1655 qua
616 1584 739 1641 deterius
752 1601 803 1640 nec
1009 1612 1035 1650 90

134 1679 182 1736 ille
197 1686 285 1753 sonat,
300 1700 356 1753 quo
369 1682 512 1738 mordetur
524 1681 629 1754 gallina
643 1682 765 1738 maritol

135 1778 214 1835 Haec
227 1778 323 1835 eadem
337 1779 402 1836 licet
416 1784 445 1837 et
458 1779 538 1836 nobis
551 1777 682 1836 laudare:
703 1779 752 1835 sod
765 1779 822 1835 illis

135 1875 263 1933 creditur.
307 1876 353 1932 An
368 1877 471 1948 melior,
488 1895 552 1934 cum
566 1875 674 1932 Thaida
687 1876 815 1947 sustinet,
831 1881 881 1932 aut
895 1894 958 1932 cum

134 1993 248 2032 uxorem
262 1975 407 2032 comoedus
420 1976 480 2048 agit
493 1974 539 2032 vel
553 1973 660 2031 Dorida
672 1974 750 2031 nullo

135 2072 240 2129 cultam
253 2072 385 2145 palliolol
425 2072 529 2130 Mulier
541 2090 641 2144 nempe
654 2072 716 2144 ipsa
729 2072 847 2129 videtur.
1008 2099 1033 2138 95

134 2168 164 2225 N
165 2187 195 2226 ec
209 2174 303 2227 tamen
317 2169 480 2240 Antiochus,
496 2187 546 2225 nec
560 2170 612 2226 erit
626 2169 761 2225 mirabilis
775 2167 832 2225 illio

133 2272 183 2324 aut
199 2266 350 2324 Stratocles
364 2271 414 2323 aut
428 2285 491 2323 cum
505 2266 582 2323 molli
592 2266 753 2323 Demetrius
769 2266 895 2324 Haemo:

133 2365 210 2421 natio
225 2364 354 2422 comoeda
368 2370 417 2422 est
462 2365 556 2437 Rides,
573 2365 676 2421 maiore
690 2364 822 2421 cachinno

134 2463 290 2519 concutitur
302 2484 310 2533 3
330 2462 387 2534 flet,
403 2463 428 2519 si
441 2462 568 2519 lacrimas
582 2463 724 2535 conspexit
739 2464 827 2534 amici,

133 2578 184 2616 nec
198 2560 272 2616 dolet
282 2582 290 2631 3
312 2560 464 2632 igniculum
477 2560 592 2617 brumae
606 2560 632 2616 si
645 2565 770 2634 tempore
783 2578 886 2633 poscas,

133 2658 234 2729 accipit
248 2658 455 2729 endromidem3
476 2658 500 2713 si
514 2658 624 2729 dixeris,
643 2662 651 2689 ‘
659 2658 772 2727 aestuo,'
787 2657 878 2716 sudat.

132 2753 162 2809 N
164 2771 199 2809 on
213 2772 308 2809 sumus
322 2770 386 2825 ergo
400 2771 487 2826 pares,
502 2753 599 2809 melior
613 2754 661 2825 qui
675 2771 782 2826 semper
796 2758 824 2810 et
839 2754 915 2809 omni

133 2855 214 2906 nocte
228 2850 327 2923 dieque
341 2855 434 2923 potest
448 2850 539 2907 aliena
552 2868 660 2906 sumere
674 2850 785 2907 vultum
998 2880 1034 2917 ως

132 2966 150 3003 a
163 2946 240 3019 facie,
256 2948 359 3004 iactare
373 2966 480 3018 manus,
496 2947 609 3003 laudare
623 2953 743 3020 paratus„

133 3137 300 3185 114-125.-J
308 3137 388 3198 mique
398 3138 441 3186 tall
452 3139 482 3199 of
488 3137 582 3185 dacter
592 3138 715 3185 irmtaacas
726 3138 755 3199 os
762 3136 895 3198 treachery.
934 3137 1034 3198 Olcarly

197 3213 261 3263 thera
278 3216 302 3263 c'c
319 3230 351 3263 no
367 3229 435 3263 roam
444 3217 492 3278 for
502 3230 520 3263 a
536 3216 636 3264 Rouana
651 3215 714 3273 ltere,
727 3214 798 3263 autea
814 3214 856 3262 old
872 3215 958 3263 clienta
973 3215 1035 3264 douc

196 3297 219 3341 to
230 3294 284 3355 qiua
295 3307 351 3353 way
363 3297 386 3341 to
397 3293 458 3342 thece
469 3293 621 3354 interlapsum

173 3409 211 3466 Et
224 3408 355 3482 quoniam
370 3410 459 3482 coepit
473 3409 641 3466 Graecorum
655 3408 767 3480 mentio,
784 3409 872 3466 transi

373 3515 397 3559 79
410 3517 435 3558 Iu
447 3528 533 3558 summa
542 3518 565 3557 P.
576 3516 602 3557 A.
617 3516 646 3557 ad
656 3526 763 3556 summam
771 3531 791 3557 a.
