2484 3950
143 245 146 252 ·
209 217 223 266 8
480 217 511 267 D.
532 218 626 267 IUNII
645 218 835 268 IUVENALIS

208 364 291 420 laudo
305 369 407 435 tamen,
424 364 519 420 vacuis
533 363 607 435 quod
622 363 716 420 sedem
730 362 813 434 figere
829 362 925 418 (lamis

209 460 330 516 destinet
345 465 429 534 atque
443 478 530 516 unum
544 461 633 516 civem
648 460 749 517 donare
765 459 895 530 Sibyllae.

210 558 299 613 lanua
313 557 444 614 Baiarum
459 563 502 614 est
517 565 545 614 et
559 564 670 630 gratum
684 557 753 614 litus
767 557 875 614 amoeni

208 672 337 712 secessus.
381 655 441 727 Ego
454 656 500 712 vel
514 655 682 728 Prochytam
696 673 834 728 praepono
848 654 980 712 Suburae.
1093 683 1104 719 5

208 751 365 823 Numquid
380 757 439 808 tam
454 753 593 823 miserum,
611 758 671 809 tam
684 751 773 809 solum
788 751 918 822 vidimus,
934 757 1036 808 utnon

209 849 331 905 deterius
346 849 440 905 credas
455 849 564 906 horrere
578 850 712 920 incendia,
728 849 821 922 lapsus

208 951 345 1004 tectorum
360 947 490 1004 adsiduos
504 967 536 1004 ac
550 946 627 1004 mille
641 947 762 1020 pericula
775 966 873 1004 saevae

208 1043 293 1113 urbis,
311 1049 340 1101 et
354 1044 483 1116 Augusto
497 1045 649 1102 recitantes
663 1063 756 1102 mense
770 1046 885 1117 poetasl

208 1247 416 1296 lanu-ll'hilc
437 1248 478 1296 iris
503 1248 574 1310 poods
596 1263 640 1297 ore
662 1250 732 1311 beina
755 1249 826 1311 liftad
848 1249 901 1296 into
929 1247 967 1296 tha
995 1260 1103 1309 waqpoa,

277 1324 417 1373 Umbricius
425 1327 511 1373 stando
516 1327 563 1388 for
574 1342 591 1374 a
602 1328 662 1374 tinae
673 1342 736 1374 acar
747 1326 785 1374 tha
796 1326 878 1387 wllcy
890 1326 919 1387 of
926 1326 1025 1386 riperto,
1041 1340 1102 1384 croco,

272 1402 334 1461 olas,
350 1402 382 1450 let
393 1407 435 1450 out
446 1407 469 1450 to
479 1404 552 1464 Jews,
567 1404 620 1452 aaut
630 1404 703 1465 spoilt
715 1403 745 1466 hy
755 1402 877 1464 artificiul
887 1403 1040 1451 ammoneat.

208 1532 263 1588 Sed
277 1532 344 1589 dum
360 1538 421 1590 tota
435 1533 534 1590 domus
548 1535 614 1591 reda
628 1534 801 1607 componitur
815 1553 878 1607 una,

206 1630 335 1687 substitit
350 1630 385 1686 ad
399 1636 507 1687 veteres
521 1649 601 1688 arcus
614 1632 810 1704 madidamque
826 1631 973 1704 Capenam.

208 1726 270 1799 Hic,
287 1729 336 1784 ubi
350 1734 500 1785 nocturnae
515 1728 611 1786 Numa
626 1729 813 1787 constituebat
827 1730 931 1786 amicae

207 1842 279 1880 nunc
294 1825 364 1881 sacri
379 1825 464 1882 fontis
478 1844 576 1883 nemus
590 1830 619 1883 et
634 1826 750 1883 delubra
764 1827 890 1883 locantur

207 1922 326 1995 Indaeis,
342 1942 459 1998 quorum
474 1925 608 1998 cophinus
623 1924 789 1998 faenumque
803 1925 926 1998 supellex
937 1946 986 1993 3-

206 2023 296 2078 omnis
311 2024 384 2079 enim
398 2023 501 2096 populo
515 2024 669 2080 mercedem
683 2024 802 2096 pendere
817 2024 892 2080 iussa
905 2029 948 2081 est
1083 2053 1107 2091 15

205 2119 294 2192 arbor,
310 2125 339 2177 et
354 2122 448 2178 eiectis
461 2121 602 2179 mendicat
616 2122 688 2179 silva
703 2121 873 2179 Camenis-

206 2217 241 2273 In
255 2217 357 2275 vallem
372 2219 488 2290 Egeriae
502 2220 695 2277 descendimus
709 2225 738 2277 et
752 2220 896 2293 speluncas

205 2314 353 2372 dissimiles
366 2316 447 2374 veris.
492 2316 604 2386 Quanto
618 2318 791 2390 praesentius
805 2322 877 2374 esset

206 2430 309 2469 numen
324 2413 410 2485 aquis,
428 2413 511 2470 viridi
526 2416 550 2471 si
565 2416 690 2487 margine
704 2415 845 2471 clauderet
859 2414 948 2470 undas

203 2509 297 2581 herba,
314 2528 364 2567 nec
378 2511 532 2584 ingenuum
545 2514 683 2570 violarent
698 2531 836 2570 marmora
850 2511 975 2584 tophum.

204 2717 396 2765 aldo—Since
416 2717 481 2765 there
497 2719 521 2765 ia
537 2732 569 2765 ao
585 2732 653 2765 roam
667 2719 715 2780 for
731 2718 882 2766 hoaoaroblc
902 2716 1071 2778 apopompeium,
1092 2717 1111 2765 I

268 2795 324 2843 will
335 2810 416 2857 away,
433 2796 508 2843 cotila
525 2796 590 2844 thara
607 2798 630 2843 c's
647 2798 713 2844 timo.
754 2796 830 2845 Yboae
846 2810 907 2856 may
922 2800 977 2855 stay
994 2795 1049 2843 coho
1060 2811 1109 2843 canc

268 2877 333 2935 stoop
349 2877 372 2920 to
384 2873 422 2920 the
440 2873 494 2920 base
505 2887 591 2921 meana
608 2873 661 2920 acad
675 2874 840 2921 carracenses
850 2887 975 2933 messaara)
992 2877 1109 2920 insecura

270 2950 359 2998 wealtlr
369 2950 540 3013 aadfortoae.

204 3081 260 3139 Hic
274 3087 342 3138 tunc
353 3081 523 3155 Umbricius,
539 3081 679 3151 “Quando
694 3081 827 3152 artibus,'’
842 3081 941 3153 inquit,
956 3079 1108 3137 “honestis

203 3181 297 3237 nullus
311 3181 340 3236 in
354 3181 422 3238 urbe
436 3181 520 3251 loeus,
537 3180 615 3236 nulla
629 3180 816 3237 emolumenta
830 3179 964 3252 laborum,

203 3295 246 3333 res
261 3277 342 3333 hodie
357 3278 447 3334 minor
461 3285 513 3351 est,
529 3278 594 3335 here
609 3296 693 3349 quam
708 3278 771 3348 fuit,
788 3282 872 3349 atque
887 3277 982 3333 eadem
997 3295 1057 3333 cras

255 3381 279 3420 1s
292 3379 428 3430 praesentius
438 3381 462 3419 P.
474 3380 624 3431 praestantius
634 3396 654 3421 ω.
790 3383 813 3421 la
827 3380 890 3431 aquis
901 3381 923 3420 l‘.
934 3390 991 3431 aque
