2484 3950
485 330 619 396 sarum
637 331 690 381 xn
1001 330 1032 383 79

133 476 272 533 alternum
286 476 386 548 puppis
401 475 475 532 latus
490 476 679 532 evertentibus
693 476 777 532 undis

134 574 240 631 arbaris
254 574 382 646 incertae,
398 574 505 630 nullam
519 573 669 647 prudentia
683 576 745 631 cani

134 673 248 729 rectoris
262 673 397 730 conferret
411 690 499 745 opem,
515 673 641 729 decidere
655 673 731 729 iactu

134 773 223 845 coepit
238 790 300 829 cum
315 773 415 842 ventis,
432 772 545 844 cupiens
559 772 676 829 evadere
690 772 798 830 damna

136 873 153 899 “
164 869 291 942 Frmdite,
307 888 377 942 quae
391 888 454 926 mea
467 870 560 941 sunt,’'
574 870 692 940 dicebat,
712 873 729 901 “
738 870 863 943 cuncta,”
878 870 1014 941 Catullus,

133 967 313 1040 praecipitare
326 967 422 1024 volens
437 968 523 1024 etiam
537 967 730 1040 pulcherrima,
747 974 853 1025 vestem

133 1082 307 1137 purpuream,
323 1062 427 1122 teneris
441 1084 550 1138 quoque
565 1065 776 1122 Maecenatibus
790 1070 893 1138 aptam,

133 1167 217 1235 atque
231 1162 307 1233 alias,
323 1181 441 1235 quarum
454 1164 579 1235 generosi
592 1164 726 1235 graminis
739 1163 831 1236 ipsum
1005 1192 1031 1228 40

133 1260 228 1316 infecit
242 1265 343 1317 natura
355 1280 447 1334 pecus,
464 1261 512 1318 sed
526 1267 555 1318 et
570 1262 695 1334 egregius
709 1261 771 1317 fons

132 1357 239 1413 viribus
253 1357 368 1414 occultis
382 1363 411 1415 et
426 1358 556 1416 Baeticus
570 1358 686 1414 adiuvat
699 1375 753 1416 aer.

133 1453 186 1510 Ille
200 1472 249 1511 nec
263 1460 409 1528 argentum
423 1455 573 1513 dubitabat
586 1457 706 1528 mittere,
722 1455 814 1512 lances

134 1551 284 1608 Parthenio
298 1553 395 1625 factas,
411 1572 496 1610 urnae
510 1559 617 1610 cratera
631 1571 766 1626 capacem,

132 1654 161 1705 et
175 1650 290 1721 dignum
304 1651 417 1708 sitiente
432 1650 520 1707 Pholo
533 1651 579 1707 vel
592 1651 707 1723 coniuge
723 1650 824 1723 Fusci3
1004 1679 1029 1717 ⁴⁵

132 1747 202 1804 adde
217 1752 245 1804 et
259 1747 411 1805 bascaudas
425 1753 454 1804 et
468 1747 545 1804 mille
559 1748 666 1819 esculis,
683 1748 805 1805 multum

132 1844 238 1918 caelati,
254 1845 364 1902 biberat
378 1864 432 1917 quo
447 1844 563 1902 callidus
577 1851 686 1917 emptor
700 1845 825 1917 Olynthi

133 1943 187 2001 Sed
201 1943 264 2016 quis
278 1961 351 2000 nunc
365 1943 444 2016 alius,
461 1962 516 2017 qua
530 1944 628 2001 mundi
641 1949 729 2017 parte,
745 1944 807 2017 quis
821 1943 906 2002 audet

131 2047 246 2114 argento
259 2042 395 2114 praeferre
409 2048 493 2114 caput
507 2043 643 2114 rebusque
658 2042 797 2100 salutemi

132 2141 196 2197 Non
209 2146 322 2213 propter
335 2141 425 2196 vitam
438 2140 545 2196 faciunt
559 2140 727 2212 patrimonia
740 2140 862 2213 quidam,
1003 2169 1028 2205 50

130 2237 180 2293 sed
194 2237 264 2293 vitio
278 2238 351 2293 caeci
364 2242 478 2310 propter
490 2237 658 2309 patrimonia
672 2238 781 2295 vivunt.

130 2465 334 2514 biti—Weca
353 2464 406 2512 citat
423 2478 476 2511 was
494 2468 536 2511 act
555 2462 656 2525 memmi,
677 2462 716 2511 cte
734 2468 799 2511 mast
817 2463 869 2511 had
891 2469 914 2513 to
925 2465 1022 2527 follow.

202 2543 276 2592 What
287 2543 400 2591 rastrum
410 2547 433 2591 to
444 2543 519 2590 incur
529 2540 589 2589 aaut
595 2542 676 2602 parile
684 2544 694 2590 Ι

130 2660 256 2717 Iactatur
268 2676 359 2714 rerum
373 2656 486 2713 utilium
500 2675 563 2728 pars
577 2657 714 2712 maxima:
735 2656 784 2712 scd
798 2674 848 2713 nec

128 2759 231 2814 damna
243 2755 346 2814 levant.
390 2755 476 2824 Tunc,
490 2754 613 2811 adversis
628 2754 796 2826 urgentibus,
812 2754 879 2810 illuc

128 2856 249 2927 reccidit,
265 2860 298 2911 ut
312 2853 416 2910 malum
430 2854 502 2909 ferro
515 2852 712 2922 submitteret;
732 2871 764 2908 ac
778 2870 807 2909 se

128 2954 249 3027 explicat
262 2958 429 3025 angustum3
451 2951 615 3035 discriminis
629 2950 736 3023 ultima,
753 2951 863 3022 quando
1002 2979 1026 3017 55

128 3051 264 3126 praesidia
278 3051 427 3106 adferimus
441 3067 540 3105 navem
555 3048 663 3104 factura
676 3049 816 3106 minorem.

128 3150 143 3206 Ι
159 3167 231 3205 nunc
245 3154 274 3205 et
287 3149 378 3205 ventis
393 3148 514 3203 animam
528 3147 678 3216 committe,
694 3145 787 3201 dolato

127 3247 245 3305 confisus
255 3246 338 3318 ligna,
355 3245 449 3317 digitis
463 3264 480 3301 a
493 3249 582 3301 morte
595 3249 718 3300 remotus

108 3351 262 3418 ‚quattuor
277 3349 327 3401 aut
341 3349 454 3415 septem,
471 3345 494 3399 si
508 3344 545 3399 sit
558 3342 694 3399 latissima
708 3343 797 3401 taeda.

401 3482 425 3519 32
438 3480 509 3520 arbori
519 3481 614 3520 incertae
624 3479 750 3520 Lachanna

300 3548 324 3584 33
337 3555 387 3584 cum
397 3544 463 3582 ferret
472 3560 492 3583 u.
704 3545 729 3582 54
742 3542 825 3583 decidit
833 3558 849 3587 ς.
