2484 3950
199 241 232 288 22
474 236 506 286 D.
527 236 621 285 IUNII
642 235 832 286 IUVENALIS

198 357 336 415 stridebat
350 356 481 413 deformis
495 356 583 412 hiems
598 355 784 428 praedamque
798 361 937 414 recentem

197 455 344 512 servabat:
367 459 460 510 tamen
474 454 519 511 hic
533 459 669 526 properat,
686 454 764 511 velut
778 459 876 527 urgeat
889 455 1010 512 Auster:

198 559 284 626 utque
297 552 374 609 lacus
388 551 527 621 suberant,
544 550 600 621 ubi,
617 569 786 623 quamquam
799 550 900 623 diruta,
917 559 1010 609 servat
1074 570 1099 608 60

199 651 290 723 ignem
304 648 454 704 Troianum
469 653 498 703 et
512 647 630 703 Vestam
645 648 712 705 colit
726 649 800 706 Alba
814 649 956 719 minorem,

198 742 311 799 obstitit
324 741 443 797 intranti
457 741 585 797 miratrix
599 742 683 798 turba
697 760 850 815 parumper.

198 840 241 897 Ut
256 839 346 910 cessit,
362 838 437 894 facili
450 843 602 910 patuenmt
616 839 726 897 cardine
741 839 857 912 valvae3

198 936 302 995 exclusi
316 941 443 1010 spectant
456 937 579 994 admissa
592 937 707 1010 opsonia
722 938 828 997 Patres.

199 1036 261 1091 Itur
275 1036 310 1091 ad
324 1034 449 1093 Atriden.
494 1034 566 1091 Tum
580 1035 688 1104 Picens,
706 1037 851 1109 “accipe’'
865 1037 947 1108 dixit,
1074 1055 1098 1101 ⁶⁵
1212 1040 1213 1045 ’

200 1131 217 1160 “
225 1130 341 1203 privatis
355 1130 460 1186 maiora
473 1129 558 1187 focis:
579 1130 696 1202 genialis
710 1136 809 1204 agatur

197 1228 251 1284 iste
265 1226 341 1284 dies:
362 1245 478 1299 propera
491 1227 665 1285 stomachum
679 1228 773 1286 laxare
787 1230 898 1302 saginis,

198 1330 226 1382 et
240 1330 291 1382 tua
304 1330 446 1381 servatum
460 1343 589 1383 consume
603 1326 633 1382 in
647 1327 758 1384 saecula
771 1327 927 1385 rhombum.

198 1422 262 1496 Ipse
277 1424 338 1495 oapi
351 1422 467 1480 voluit.''
511 1422 584 1492 Quid
599 1425 743 1497 apertius?
763 1431 792 1482 et
806 1431 901 1483 tamen
915 1426 957 1482 illi

198 1519 350 1592 surgebant
364 1520 471 1576 cristae.
516 1520 597 1577 Nihil
611 1527 663 1591 est,
678 1523 751 1595 quod
766 1523 874 1580 credere
888 1523 922 1580 de
936 1542 965 1580 se
1074 1553 1099 1590 70

198 1635 253 1675 non
267 1618 365 1690 possit,
382 1636 445 1674 cum
458 1617 591 1675 laudatur
604 1619 649 1676 dis
663 1638 752 1693 aequa
765 1626 896 1694 potestas.

197 1862 385 1914 itm—The
401 1878 510 1925 emperor
525 1878 653 1912 sumntum
669 1862 709 1911 bio
719 1865 865 1913 sunamitem
882 1869 905 1913 to
921 1865 1050 1914 deliberate
1066 1881 1098 1914 ea

261 1940 299 1990 ru
316 1939 421 2004 weiptry
437 1943 548 2004 question
564 1942 593 2005 qs
607 1941 744 2004 prooidiup
760 1957 777 1988 a
794 1942 851 1992 dieb
870 1945 899 2006 of
916 1944 1035 2006 sufficient
1050 1944 1098 1992 siae

255 2021 301 2080 sor
312 2019 350 2067 the
362 2020 458 2080 duiuty.
495 2019 611 2082 Pegaseo,
628 2019 737 2081 Crispus,
752 2020 791 2068 rue
807 2021 897 2080 Acilii,
911 2020 1031 2082 Rubrius,
1045 2022 1098 2068 aad

260 2097 353 2146 remeat
364 2095 449 2157 others,
464 2097 551 2145 bostem
561 2101 584 2145 to
596 2097 635 2146 ue
646 2103 721 2146 cocart.

197 2226 252 2284 Sed
266 2224 362 2282 deerat
375 2226 444 2297 pisci
458 2225 570 2297 patinae
584 2244 731 2298 mensura,
753 2232 887 2284 vocantur

196 2342 260 2396 ergo
273 2324 303 2379 in
317 2323 461 2380 consilium
475 2341 608 2396 proceres,
625 2342 694 2396 quos
709 2323 805 2381 oderat
818 2325 873 2396 ille,

195 2422 224 2477 in
239 2438 356 2493 quorum
370 2421 439 2477 facie
453 2421 569 2477 miserae
582 2439 755 2493 magnaeque
769 2422 884 2479 sedebat

195 2519 284 2593 pallor
297 2519 442 2576 amicitiae.
487 2518 607 2590 Primus,
624 2520 763 2577 clamante
778 2521 909 2593 Liburno,
1072 2551 1097 2588 75

197 2622 215 2650 “
223 2620 333 2690 currite,
349 2619 405 2675 iam
419 2618 493 2675 sedit
503 2618 638 2690 ''-rapta
651 2619 817 2691 properabat
830 2618 923 2676 abolla

196 2716 327 2789 Pegasus,
343 2715 481 2771 attonitae
495 2717 603 2787 positus
617 2715 700 2773 modo
714 2716 814 2773 vilicus
828 2717 898 2775 urbi.

195 2812 276 2870 Anne
290 2812 366 2869 aliud
380 2818 447 2870 tunc
461 2812 611 2885 praefectii
633 2831 750 2886 quorum
765 2815 886 2886 optimus
900 2821 985 2888 atque

196 2910 332 2983 interpres
345 2909 439 2982 legum
452 2910 651 2983 sanctissimus,
668 2911 761 2967 omnia
775 2929 943 2984 quamquam

195 3007 366 3080 temporibus
379 3006 447 3063 diris
462 3008 609 3064 tractanda
621 3008 742 3080 putabat
755 3008 856 3064 inermi
1071 3029 1098 3068 80

194 3106 310 3165 iustitia
355 3105 441 3161 Venit
455 3109 484 3162 et
499 3105 591 3177 Crispi
605 3105 726 3163 iucunda
739 3110 874 3177 senectus,

195 3204 272 3260 cuius
287 3208 367 3260 erant
380 3222 478 3274 mores,
495 3203 586 3277 qualis
600 3203 738 3275 facundia,
755 3205 825 3260 mite

194 3303 343 3375 ingenium.
388 3302 479 3359 Maria
492 3320 523 3358 ac
538 3308 626 3359 terras
640 3303 809 3375 populosque
823 3304 930 3376 regenti

458 3423 482 3463 et
496 3423 593 3473 saginam
603 3424 627 3462 P.
640 3422 721 3473 saginis
730 3424 750 3462 S.
760 3435 782 3474 p.
793 3438 813 3462 u.
