2484 3950
485 363 620 415 SATURA
639 364 681 413 111
1001 363 1031 410 11

28 556 34 581 ,
134 511 169 568 In
183 529 299 582 summa,
316 529 371 568 non
385 511 502 568 Maurus
516 516 576 568 erat
589 530 678 585 neque
693 511 822 569 Sarmata
835 529 885 568 nec
899 510 1000 580 Thrax,

28 606 29 611 '
133 607 181 680 qui
196 609 316 681 sumpsit
329 609 436 681 pinnas,
452 609 551 666 mediis
565 609 614 666 sed
629 614 712 665 natus
725 608 853 665 Athenis.
1008 624 1034 661 a,

134 707 244 762 Horum
258 725 308 779 ego
322 725 376 763 non
390 707 495 779 fugiam
510 707 672 778 conchylict
691 725 736 763 me
749 708 823 780 prior
836 707 883 763 ille

133 803 274 875 signabitl
295 804 437 876 fultusque
451 809 512 861 toro
525 805 637 861 meliore
650 804 792 861 recumbet

133 900 267 956 advectus
281 900 406 972 Romam,
423 920 477 974 quo
491 907 623 974 prunoet
637 907 751 958 cottana
763 903 867 958 ventol

134 996 231 1070 Usque
245 997 313 1054 adeo
327 998 397 1054 nihil
410 1004 461 1069 est,
478 999 551 1072 quod
565 1004 660 1056 nostra
674 1000 793 1055 infantia
805 998 912 1055 caelum

133 1094 227 1152 hausit
242 1095 383 1167 Aventini,
399 1096 484 1154 bacca
497 1098 605 1153 nutdta
619 1097 743 1154 Sabinal
1007 1114 1032 1162 8⁵

134 1192 209 1261 Quid
222 1194 296 1265 quod
310 1193 443 1250 adulandi
456 1212 523 1266 gens
536 1194 753 1267 prudentissima
765 1194 863 1250 laudat

133 1309 287 1347 sermonem
301 1291 415 1361 indocti,
428 1292 528 1348 faciem
541 1291 672 1348 deformis
686 1292 775 1362 amici,

133 1393 163 1445 et
176 1388 290 1461 longum
304 1388 420 1445 invalidi
435 1388 536 1446 collum
550 1390 703 1446 cervicibus
716 1394 818 1462 aequat

134 1485 272 1556 Herculis,
288 1486 429 1543 Antaeum
442 1485 538 1558 procul
551 1505 569 1543 a
582 1485 681 1543 tellure
695 1487 825 1555 tenentis,

133 1584 252 1639 miratur
264 1602 360 1640 vocem
374 1589 530 1656 angustam,
546 1602 602 1656 qua
615 1583 802 1645 deteriusnec
1007 1612 1033 1650 90

133 1680 181 1737 ille
195 1687 283 1752 sonat,
299 1700 354 1754 quo
368 1681 511 1739 mordetur
523 1681 628 1754 gallina
641 1683 742 1738 marito
753 1684 763 1736 l

134 1779 212 1835 Haec
225 1779 321 1836 eadem
335 1779 401 1836 licet
415 1784 444 1837 et
457 1779 537 1836 nobis
551 1778 680 1836 laudare:
702 1779 750 1836 sed
764 1779 821 1835 illis

134 1876 262 1934 creditur.
305 1876 352 1933 An
366 1877 470 1949 melior,
487 1895 551 1934 cum
565 1875 673 1933 Thaida
686 1877 813 1946 sustinet,
830 1881 880 1932 aut
893 1894 956 1932 cum

133 1994 247 2033 uxorem
261 1975 406 2033 comoedus
419 1977 479 2048 agit
492 1974 538 2032 vel
551 1974 659 2031 Dorida
671 1974 749 2031 nullo

133 2073 238 2130 cultam
252 2073 383 2147 palliolol
424 2073 529 2129 Mulier
541 2090 640 2145 nempe
653 2072 714 2144 ipsa
727 2071 846 2129 videtur.
1007 2099 1032 2138 95

133 2169 194 2227 Nec
207 2175 302 2227 tamen
316 2169 479 2241 Antiochus,
495 2188 545 2226 nec
559 2170 612 2226 erit
625 2169 760 2225 mirabilis
774 2169 831 2225 illic

131 2272 183 2324 aut
198 2267 349 2325 Stratocles
363 2273 413 2324 aut
427 2285 490 2324 cum
503 2266 581 2323 molli
591 2265 752 2324 Demetrius
768 2266 893 2324 Haemo:

132 2365 210 2421 natio
223 2365 353 2423 comoeda
367 2371 416 2423 est.
462 2365 555 2437 Rides,
571 2365 675 2422 maiore
689 2365 821 2421 cachinno

132 2464 289 2520 concutitur
301 2484 308 2535 3
329 2464 385 2534 flet,
402 2464 427 2520 si
440 2462 566 2519 lacrimae
580 2464 724 2535 conspexit
737 2464 826 2534 amici,

131 2578 183 2617 nec
197 2560 290 2632 dolet,
311 2560 463 2633 igniculum
476 2560 591 2617 brumae
606 2560 630 2616 si
645 2565 768 2632 tempore
782 2579 885 2633 poscas,

131 2658 233 2729 accipit
247 2658 454 2730 endromidem3
475 2658 499 2714 si
513 2658 623 2729 dixeris,
642 2658 771 2726 ‘aestua'
786 2657 876 2716 sudat.

131 2753 161 2810 N
163 2772 199 2809 011
213 2772 308 2810 sumus
321 2772 385 2826 ergo
399 2772 486 2827 pares,
501 2753 598 2810 melior
611 2754 660 2826 qui
674 2772 781 2825 semper
795 2758 824 2810 et
837 2753 913 2809 omni

130 2856 213 2907 nocte
227 2850 326 2922 dieque
340 2856 433 2923 potest
447 2850 537 2907 aliena
551 2869 659 2908 sumere
673 2851 784 2907 vultum
997 2879 1033 2916 105

130 2966 149 3004 a
162 2947 240 3018 facie,
255 2947 358 3004 iactare
372 2966 479 3017 manus,
494 2947 608 3004 laudare
621 2953 742 3020 paratus

130 3136 300 3186 114-125.-1
308 3136 387 3199 mipht
398 3138 441 3186 tell
452 3139 481 3200 of
487 3138 581 3186 dorlccr
591 3138 714 3185 instaures
725 3138 754 3199 os
761 3136 894 3197 treachery.
932 3137 1033 3197 Olcarly

197 3214 261 3263 therc
278 3216 302 3263 c'r
318 3230 350 3263 oo
367 3230 435 3263 roem
444 3217 491 3277 sor
501 3231 519 3263 a
535 3216 635 3264 Roman
650 3214 713 3273 herc,
726 3214 797 3262 wicco
813 3213 855 3261 old
871 3213 957 3262 clienta
972 3214 1033 3264 dove

196 3296 219 3340 to
230 3293 284 3354 pice
294 3307 351 3353 way
362 3296 385 3341 to
397 3293 458 3341 these
468 3293 620 3354 interlopers.

172 3409 211 3466 Et
224 3409 355 3482 quoniam
370 3410 458 3482 coepit
473 3409 640 3467 Graecorum
654 3409 766 3480 mentio,
783 3408 871 3465 transi

373 3515 397 3559 79
410 3516 435 3557 lu
447 3528 532 3558 summa
541 3518 564 3558 P.
575 3517 601 3557 A.
616 3517 645 3557 ad
655 3527 790 3557 summania.
