2484 3950
431 186 432 191 1
813 146 822 172 Ι

500 333 634 383 SATURA
652 333 704 383 Vll

155 479 211 536 Hoc
224 480 291 552 agit,
307 483 340 535 ut
353 478 464 536 doleas:
486 497 550 535 nam
565 497 635 551 quae
650 478 798 550 comoedia,
814 480 916 536 mimus

153 577 210 649 quis
223 577 320 633 melior
333 576 457 650 plorante
471 576 557 649 gula?
598 577 672 649 Ergo
686 579 779 633 omnia
791 576 871 649 fiunt,

152 674 174 730 si
187 674 281 745 nescis,
297 678 330 730 ut
344 692 393 746 per
406 673 533 730 lacrimas
547 673 686 731 effundere
700 673 785 731 bilem

152 771 259 843 cogaris,
274 788 422 843 pressoque
436 771 484 827 diu
498 770 614 827 stridere
628 769 733 828 molari.

152 867 192 924 Tu
205 867 258 924 tibi
271 867 341 924 liber
354 866 437 924 homo
451 873 480 925 et
493 868 565 940 regis
580 868 697 925 conviva
710 869 829 928 videris:

151 970 258 1039 coptum
273 970 301 1022 te
314 964 409 1021 nidore
423 982 488 1022 suaa
502 969 584 1038 putat
598 964 646 1022 ille
659 965 783 1024 culinae:

150 1081 197 1120 nec
209 1062 281 1119 male
295 1063 438 1120 coniectat.
483 1061 552 1132 Quis
565 1064 640 1119 enim
654 1067 713 1119 tam
727 1064 826 1135 nudus,
842 1064 968 1121 utillum

149 1161 189 1218 bis
202 1162 282 1234 ferat,
298 1160 448 1217 Etruscum
460 1178 545 1233 puero
559 1160 583 1217 si
597 1161 714 1233 contigit
727 1178 833 1232 aurum,

149 1257 191 1315 vel
205 1258 293 1315 nodus
307 1262 419 1315 tantum
433 1262 462 1314 et
477 1259 586 1330 signum
600 1258 635 1315 do
649 1276 768 1330 paupere
782 1258 860 1316 lorol
1008 1278 1045 1328 1⁶5

149 1356 215 1429 Spes
228 1357 297 1413 bene
312 1355 427 1412 cenandi
440 1374 490 1412 vos
504 1355 613 1428 decipit.
661 1357 678 1384 “
687 1355 765 1427 Ecce,
781 1355 859 1413 dabit
873 1358 929 1414 iam

147 1471 281 1511 semesum
294 1453 415 1527 leporem
429 1457 513 1525 atque
527 1452 633 1525 aliquid
643 1452 677 1509 de
691 1453 818 1510 clunibus
831 1454 908 1527 apri:

146 1552 181 1608 ad
195 1570 244 1607 nos
258 1552 313 1607 iam
327 1552 421 1608 veniet
435 1552 524 1607 minor
537 1550 650 1608 altilis.'’
692 1550 761 1608 Inde
775 1556 872 1624 parato

145 1650 303 1722 intactoque
317 1667 411 1706 omnes
425 1653 454 1706 et
468 1649 565 1706 stricto
578 1667 649 1722 pane
664 1649 769 1705 tacens

146 1746 198 1803 Ille
212 1748 293 1820 sapit,
309 1748 358 1820 qui
372 1752 400 1803 te
415 1748 454 1803 sie
468 1747 564 1804 utitur.
609 1745 711 1803 Omnia
724 1747 795 1803 ferre
1006 1777 1043 1814 170

144 1847 168 1903 si
181 1850 267 1918 potes,
283 1849 312 1901 et
326 1844 416 1902 debes.
461 1844 633 1901 Pulsandum
648 1845 751 1901 vertice
764 1863 826 1901 raso

143 1942 286 2018 praebebis
301 1941 464 2015 quandoque
478 1946 570 2016 caput,
586 1960 636 2009 noc
650 1941 720 1999 dura
733 1942 845 2000 timebis

143 2042 230 2113 flagra
242 2041 310 2113 pati,
327 2040 370 2097 his
384 2039 472 2113 epulis
487 2045 515 2097 et
531 2040 581 2096 tali
596 2039 696 2111 dignus
711 2041 806 2100 amico.

406 2327 548 2388 LIBER
575 2328 776 2389 TERTIUS

474 2510 632 2567 SATURA
653 2509 714 2566 VII

140 2671 180 2716 1-1
185 2668 336 2717 6.—Coescr
346 2668 370 2715 is
378 2666 416 2715 tlte
422 2664 499 2728 poet's
509 2665 671 2728 mrlyfrtead.
707 2666 787 2728 Many
795 2665 900 2728 throcplc
908 2672 976 2715 want
987 2669 1017 2730 of
1022 2686 1050 2740 a¹

201 2750 296 2807 patron
311 2744 373 2792 hove
393 2743 484 2791 turcrcd
500 2747 523 2791 to
539 2743 579 2790 all
597 2747 659 2791 sorta
675 2745 704 2806 <ff
719 2759 794 2792 meaa
810 2744 969 2805 occupatiores,
987 2746 1040 2794 aad

206 2823 278 2870 betta
288 2826 311 2869 tc
324 2822 355 2870 do
366 2820 420 2869 thor
431 2819 493 2869 ttae
504 2825 528 2867 to
541 2819 785 2882 tumulae-wilmar
796 2835 825 2868 as
837 2820 1038 2884 Orientalfrecd-
1108 2867 1116 2898 x

910 2987 936 3024 a.
960 2943 1029 3030 los

133 3126 215 3182 solus
229 3127 303 3208 enirn
317 3126 411 3182 tristes
424 3124 477 3181 hac
491 3129 657 3204 tempestate
672 3124 808 3204 Camenas
870 3135 876 3154 '

132 3221 269 3300 fespexit,
285 3240 348 3298 oum
361 3213 417 3277 iam
432 3220 551 3278 celebres
564 3222 678 3294 notique
692 3227 790 3295 poetae

133 3318 297 3377 balneolum
312 3319 417 3390 Gabiis,
434 3318 538 3375 Rornae
553 3319 701 3378 conducere
715 3319 795 3375 furno

796 3226 988 3375 We
1033 3275 1036 3286 .

132 3417 319 3486 temptarent,
335 3430 385 3469 neo
398 3411 510 3469 foedum
524 3389 741 3486 alil‘iii‘impe
755 3417 888 3487 putarent
1027 3438 1038 3478 5

511 3516 548 3556 roo
561 3514 670 3556 inetur.
749 3515 752 3522 ’

582 3600 604 3644 D
