2484 3950
498 272 632 323 SATURA
650 271 717 323 XIV
1007 276 1054 323 103

156 416 229 488 Ergo
243 418 343 488 ignem,
360 416 437 472 euius
451 415 586 472 scintillas
600 415 659 488 ipse
673 415 782 486 dedisti,

155 513 318 584 fiagrantem
332 512 390 569 late
404 516 433 568 et
446 513 599 584 rapientem
615 518 715 569 cuneta
728 512 844 570 videbis.
1018 541 1054 578 245

156 667 377 716 measa—rate
389 683 443 716 carc
455 668 508 715 clar
519 683 568 729 goa
579 668 610 715 olo
621 671 663 715 aot
674 667 788 729 goaraelf
795 668 870 715 stood
877 668 906 715 ia
918 683 982 728 your
991 667 1056 715 aoa's

220 761 277 807 way
285 764 296 804 ,·
317 751 418 806 parents
434 747 488 794 aad
503 746 576 807 Iotape
592 744 684 793 should
702 745 798 807 always
814 744 875 793 hove
891 747 1012 794 antidota
1028 750 1055 794 ot

219 822 290 870 leand
298 824 500 885 againstpoisoe.
828 852 830 857 ·

156 942 215 998 Nec
230 940 283 997 tibi
297 944 425 1013 parcetur
438 940 545 1008 misere,
560 940 754 1012 trepidumque
768 941 932 1012 magistrum

155 1039 185 1094 in
199 1056 283 1094 eavea
295 1055 396 1109 magno
409 1037 524 1093 fremitu
538 1036 581 1093 leo
595 1036 677 1093 tollet
691 1037 827 1096 alumnus.

197 1136 274 1193 Nota
287 1135 493 1191 mathematicis
506 1135 613 1206 genesis
628 1139 697 1192 tua:
719 1134 767 1191 sed
781 1152 864 1207 grave
879 1135 974 1191 tardas

156 1237 314 1306 exspectare
329 1231 411 1288 eolus.
456 1230 584 1288 Moriens
598 1231 718 1288 stamine
732 1232 855 1288 nondum

156 1332 281 1403 abrupto.
326 1330 388 1386 Iam
401 1347 475 1386 nune
489 1329 584 1386 obstas
598 1334 627 1386 et
641 1335 708 1386 vota
721 1332 844 1402 moraris,
1018 1360 1055 1396 250

155 1430 212 1485 iam
226 1433 337 1500 torquet
351 1429 479 1485 iuvenem
493 1427 576 1500 longa
589 1432 618 1484 et
633 1429 743 1485 cervina
756 1433 890 1486 senectus.

156 1527 240 1584 Ocius
254 1527 428 1599 Archigenen
443 1544 542 1598 quaere
556 1531 641 1598 atque
655 1544 715 1583 erne
729 1526 803 1598 quod
818 1526 999 1583 Mithridates

156 1626 327 1697 composuit3
348 1626 372 1681 si
386 1625 430 1682 vis
444 1624 528 1680 aliam
543 1624 686 1697 decerpere
700 1625 784 1681 ficum

156 1729 240 1795 atque
254 1723 322 1780 alias
337 1727 456 1779 tractare
470 1741 553 1794 rosas,
570 1723 740 1780 medicamen
754 1723 912 1781 habendum
927 1729 977 1794 est,

155 1821 263 1877 sorbere
278 1826 343 1877 ante
357 1820 450 1877 eibum
465 1819 539 1892 quod
553 1820 654 1878 debeat
668 1825 697 1877 et
710 1826 790 1893 pater
804 1826 833 1877 et
847 1839 902 1879 rex.
1018 1848 1054 1885 255

155 1977 359 2028 rotata-wa
374 1976 482 2039 atomos
498 1977 536 2024 aa
553 1978 696 2026 enormiora
707 1992 769 2026 asoa
784 1977 883 2039 rtslctog
899 1977 939 2024 his
957 1977 1001 2039 lise
1008 1978 1055 2039 for

220 2071 306 2117 mocwy
317 2057 340 2103 is
350 2070 416 2104 more
427 2056 533 2116 eecitioq
545 2055 654 2103 theotho
666 2055 765 2114 theatro,
777 2069 843 2103 more
852 2054 981 2116 aasabim
992 2053 1054 2102 thart

220 2134 258 2181 the
268 2148 357 2194 gentes

196 2251 321 2307 Monstro
335 2250 510 2322 voluptatem
525 2250 671 2323 egregiam,
687 2251 731 2306 eui
745 2249 823 2306 nulla
836 2249 954 2319 theatra,

154 2349 232 2405 nulla
245 2366 361 2420 aequare
375 2365 459 2419 queas
474 2348 608 2420 praetoris
623 2346 732 2419 pulpita
746 2347 825 2416 lauti,

153 2446 179 2501 si
193 2450 307 2517 spectes
324 2449 428 2516 quanto
443 2444 541 2516 capitis
556 2444 713 2500 discrimine
727 2448 854 2500 constent

154 2543 323 2599 incrementa
337 2542 441 2613 domus,
458 2546 553 2599 aerata
566 2541 672 2598 multus
686 2541 716 2597 in
729 2559 792 2597 area

154 2641 244 2711 fiscus,
261 2645 289 2697 et
304 2640 340 2696 ad
354 2640 467 2712 vigilem
481 2638 601 2712 ponendi
617 2638 733 2696 Castora
747 2640 861 2711 nummi,
1017 2657 1055 2695 260

155 2756 257 2810 exque
272 2737 349 2793 Mars
364 2736 449 2793 Ultor
463 2736 570 2810 galeam
585 2753 693 2808 quoque
708 2736 836 2808 perdidit,
854 2741 882 2793 et
896 2754 939 2793 res

155 2854 209 2892 non
223 2836 316 2908 potuit
330 2852 439 2891 servare
453 2852 524 2891 suas.
568 2833 642 2905 Ergo
656 2833 748 2889 omnia
763 2832 861 2890 Florae

154 2936 183 2988 et
198 2930 304 2988 Cereris
317 2930 384 2986 lieet
398 2934 427 2986 et
442 2928 559 3000 Cybeles
573 2929 670 2986 aulaea
684 2929 822 3002 relinquas
836 2953 842 2989 :

154 3034 235 3085 tanto
248 3028 365 3084 maiores
379 3026 501 3083 humana
514 3027 626 3099 negotia
639 3026 706 3084 ludi.

154 3184 305 3233 maaua-
313 3183 388 3232 noae
404 3198 447 3231 are
459 3182 498 3231 aa
514 3183 581 3230 raas
592 3184 621 3244 of
635 3183 673 3231 tho
691 3183 820 3245 ram-rrae
832 3189 855 3233 to
866 3200 931 3247 goar
942 3190 1054 3234 ventures

218 3262 248 3308 ta
263 3275 328 3322 goar
345 3260 455 3308 Ciliciae
466 3260 553 3321 stip?
573 3260 655 3321 Every
666 3274 707 3308 seo
723 3262 747 3308 ts
765 3262 876 3310 crowded
887 3262 949 3311 wtct
964 3266 1054 3312 cahere

211 3341 258 3401 for
268 3340 338 3401 pain.

195 3456 241 3511 An
255 3456 343 3544 magis
358 3454 498 3513 oblectant
512 3456 636 3512 animum
651 3456 755 3513 iactata
769 3462 884 3530 petauro
1015 3473 1052 3519 2⁶5
