2484 3950
463 366 598 417 SATURA
616 366 639 415 V

117 518 225 585 spumat
238 531 321 584 aper:
343 518 406 586 post
420 512 494 569 hunc
508 512 655 569 tradentur
669 513 775 582 tubera,
792 512 816 567 si
831 530 879 569 ver

117 616 180 668 tunc
194 611 247 668 erit
262 616 291 668 ct
304 610 407 667 facient
422 616 519 684 optata
532 610 658 667 tonitrua
673 628 753 667 cenas

117 710 236 768 maiores.
283 709 373 766 “Tibi
387 708 458 765 habe
473 708 671 778 frumentum‚'’
686 707 813 764 Alledius
827 709 926 779 inquit,

119 811 159 863 “o
173 807 278 877 Libye:
299 806 426 878 disiunge
439 806 533 877 hoves,
549 805 617 862 dum
631 805 731 862 tubera
744 806 863 861 mittas'’

118 997 419 1056 molae-Meanwhile,
434 1011 483 1058 you
497 1011 557 1058 moy
567 1012 603 1044 aee
618 995 657 1044 ctu
668 1011 753 1044 carcer
763 997 836 1058 φαίης
851 995 958 1056 throuph
973 996 1015 1044 hia

178 1076 313 1124 scolasticae
324 1077 377 1123 arrd
388 1075 513 1137 obseratay
524 1075 563 1123 the
574 1074 643 1123 aulea
653 1075 683 1137 of
689 1073 730 1122 tia
740 1079 789 1122 art.

156 1193 328 1250 Structorem
342 1194 455 1266 interea,
473 1211 507 1250 ne
522 1211 577 1266 qua
591 1192 746 1265 indignatio
760 1191 840 1264 desit,

116 1292 264 1348 saltantem
278 1296 385 1363 spectes
399 1297 428 1348 et
442 1291 654 1347 chironomunta
668 1289 774 1346 volanti

116 1384 234 1457 cultello,
252 1385 338 1441 donec
352 1390 466 1457 peragat
480 1384 587 1441 dictata
600 1383 727 1456 magistri

116 1478 214 1536 omnia.
259 1478 319 1535 Nec
333 1479 448 1534 minimo
462 1496 528 1535 sane
542 1477 700 1534 discrimine
715 1476 806 1548 refert,

115 1595 169 1649 quo
183 1580 264 1649 gestu
278 1575 384 1648 lepores
398 1581 427 1632 et
441 1594 496 1647 quo
506 1574 611 1648 gallina
625 1580 738 1632 secetur.

117 1758 294 1820 125-131.-If
301 1772 351 1819 you
361 1757 445 1806 would
455 1756 530 1805 avoid
542 1771 675 1818 summam!
686 1757 790 1818 ejectioic,
802 1757 862 1805 bold
872 1772 936 1818 your
942 1771 1014 1818 peocc

179 1835 233 1883 cred
244 1835 341 1883 tabaco
353 1835 465 1883 libentiae.

115 1951 233 2009 Duceris
247 1950 350 2026 planta,
367 1951 445 2009 velut
459 1952 532 2009 ictus
547 1952 582 2010 ab
597 1952 718 2010 Hercule
733 1953 829 2026 (lacus,
980 1980 1014 2017 125

115 2056 144 2108 et
157 2068 257 2124 ponere
271 2051 345 2122 foris,
362 2051 385 2107 si
400 2050 467 2123 quid
481 2052 663 2125 temptaveris
677 2069 808 2123 umquam

115 2148 227 2220 hiscere,
244 2153 387 2222 tamquam
402 2148 505 2205 habeas
519 2150 574 2205 tria
588 2150 708 2206 nomina.
752 2149 869 2219 Quando
886 2150 1015 2221 propinat

114 2245 198 2302 Virro
211 2246 265 2303 tihi
279 2247 418 2318 sumitque
432 2247 489 2303 tuis
504 2252 632 2303 contacta
645 2246 752 2304 labellis
906 2234 909 2239 ’

114 2342 232 2416 poculal
252 2344 314 2416 quis
329 2348 453 2400 vestrum
467 2345 631 2401 temerarius
645 2344 821 2417 usqueadeo,
838 2346 901 2418 quis

113 2441 247 2513 perditus,
260 2446 293 2497 ut
306 2441 381 2497 dicat
395 2442 461 2514 regi,
480 2441 570 2499 “bibe
579 2442 608 2497 2²²
651 2441 776 2498 Plurima
789 2447 863 2513 sunt,
879 2461 950 2515 quae
979 2473 1016 2510 130

114 2553 170 2591 non
185 2533 290 2591 audent
303 2534 428 2592 homines
443 2540 556 2608 pertusa
570 2535 659 2592 dicere
673 2535 760 2594 laena.

114 2711 362 2760 malco-Stoura
373 2727 422 2774 you
434 2712 464 2773 hy
474 2727 537 2759 sorno
548 2712 635 2760 chance
646 2727 709 2760 come
723 2712 775 2760 icto
786 2725 803 2758 oc
808 2712 920 2772 fortune,
941 2711 1016 2761 Virro

180 2790 235 2836 will
246 2790 334 2837 decom
345 2790 504 2851 pourfrimd
515 2790 568 2836 aad
578 2789 680 2848 hrotlacr,
695 2789 748 2837 aad
761 2788 864 2850 nothing]
875 2790 931 2836 will
942 2789 967 2837 hc
979 2795 1015 2838 too

179 2867 240 2929 qood
254 2868 301 2929 for
323 2882 378 2928 pou.
423 2867 534 2929 discrecio,
554 2882 612 2915 coca
634 2867 697 2926 them
718 2881 768 2928 post
787 2866 843 2914 will
864 2866 895 2914 do
914 2866 971 2915 well
992 2871 1016 2916 to

180 2947 279 2994 reatuin
290 2944 410 2994 drihlless.

157 3061 367 3134 Quadringenta
381 3061 434 3118 tibi
447 3062 471 3118 si
485 3062 548 3133 quis
562 3061 631 3118 deus
645 3066 695 3118 aut
709 3060 807 3116 similis
821 3060 864 3116 dis

112 3164 144 3216 ct
158 3158 257 3216 melior
270 3160 337 3216 fatis
351 3160 473 3230 donaret,
490 3159 637 3215 homuncio
652 3164 773 3230 quantus

111 3276 150 3314 ex
164 3256 252 3312 nihilo
266 3257 353 3328 fieres,
370 3263 492 3329 quantus
506 3256 634 3313 Virronis
649 3256 761 3314 amicus.

115 3355 133 3383 “
143 3353 192 3409 Da
203 3352 321 3410 Trebio!
343 3372 413 3425 pone
427 3353 463 3409 ad
478 3353 628 3410 Trebium!
649 3354 699 3424 vis,
717 3353 810 3425 frater,
824 3353 936 3411 abistis
980 3384 1015 3420 1³5

112 3450 207 3508 ilibus
216 3450 245 3508 l''
287 3451 311 3508 Ο
326 3451 440 3523 nummi,
457 3451 537 3508 vobis
550 3450 625 3507 hunc
638 3456 762 3523 praestat
776 3450 915 3521 honorem,

384 3569 420 3608 116
433 3566 503 3607 fumat
510 3578 531 3617 p.
543 3577 579 3615 a.;
593 3566 701 3609 raduntur
710 3584 728 3609 o.
753 3599 757 3608 .
