2484 3950
199 333 230 381 54
465 332 497 381 D.
518 330 611 381 IUNII
631 331 820 382 IUVENALIS

198 479 265 549 ausi,
282 477 356 549 quod
370 478 452 534 liceat
466 478 561 535 tunica
574 479 671 551 punire
685 479 809 538 molesta.
1009 494 1010 499 ’
1058 505 1095 545 235

199 576 254 633 Sed
268 576 368 648 vigilat
382 575 476 633 consul
491 577 646 649 vexillaque
659 583 753 634 vestra
766 584 878 635 eoeroet.

198 754 390 807 aetnae-oa
401 758 440 806 the
452 758 519 806 other
528 758 606 818 leand,
623 757 705 819 Utoero
716 756 755 805 tlte
767 760 868 806 “eoem
879 758 950 806 torno
958 757 971 779 ’³
980 758 1072 819 potueri
1079 773 1096 805 u

263 835 316 883 title
320 837 393 896 from
401 837 458 900 sreo
473 838 555 897 Rome
570 836 651 885 aaut
662 836 795 898 Auqustua
808 835 902 897 hardly
912 852 968 885 wora
982 836 1048 898 oster
1058 835 1097 885 rae

263 912 390 962 bloodslmd
401 915 430 977 of
437 913 548 962 Aetium.

200 1028 256 1086 Hio
270 1047 358 1086 novus
372 1029 501 1102 Arpinas,
516 1028 645 1102 ignobilis
659 1034 688 1085 et
703 1016 784 1085 modo
798 1027 903 1084 Romae

199 1126 373 1200 municipalis
387 1145 477 1200 eques,
493 1126 635 1200 galeatum
648 1126 727 1199 ponit
741 1125 844 1198 ubique

199 1225 366 1299 praesidium
379 1225 516 1296 attonitis,
532 1230 561 1281 et
574 1224 604 1280 in
618 1223 694 1280 omni
707 1228 802 1280 monte
815 1223 931 1295 laborat.

200 1322 321 1379 Tantum
335 1323 421 1396 igitur
434 1341 526 1379 muros
541 1322 615 1378 intra
629 1326 695 1394 toga
709 1321 826 1378 eontulit
840 1321 882 1378 illi
1061 1351 1098 1387 240

200 1420 318 1477 nominis
332 1425 361 1477 et
374 1419 460 1492 tituli,
476 1425 612 1492 quantum
626 1437 681 1475 non
696 1418 831 1490 Leueade,
846 1424 983 1491 quantum

200 1516 357 1574 Thessaliae
371 1518 475 1590 eampis
490 1516 623 1574 Octavius
637 1515 754 1573 abstulit
768 1517 822 1574 udo

200 1614 329 1671 caedibus
342 1613 466 1670 adsiduis
479 1613 578 1686 gladio.
623 1612 678 1670 Sed
693 1613 782 1670 Roma
795 1619 945 1687 parentem,

200 1711 290 1767 Roma
304 1711 416 1768 Patrem
431 1711 542 1768 Patriae
557 1709 715 1768 Ciceronem
729 1711 816 1769 libera
829 1712 908 1768 dixit.

200 1891 454 1940 mam—Marius
465 1892 518 1939 olso
534 1906 586 1940 rose
595 1892 669 1954 from
685 1891 723 1939 tlte
739 1891 818 1939 rorata
829 1896 852 1939 to
869 1891 894 1939 be
911 1891 950 1940 tlte
960 1892 1103 1955 samonaos

263 1970 305 2019 aa
315 1975 425 2033 rourum.
510 2006 513 2010 .

200 2088 321 2159 Arpinas
334 2085 405 2143 alius
419 2086 582 2143 Volscorum
596 2086 626 2143 in
640 2090 734 2143 monte
748 2085 854 2143 solebat
1061 2114 1098 2151 245

199 2202 308 2257 poscere
321 2184 467 2254 mercedes,
481 2184 570 2241 alieno
584 2183 672 2241 lassus
687 2188 797 2258 aratr03
943 2173 950 2180 ’

199 2269 332 2338 nodosam
345 2281 489 2353 posthaec
503 2281 648 2354 frangebat
662 2282 764 2338 vertice
778 2282 874 2353 vitem,

199 2380 224 2436 si
237 2378 330 2435 lentus
343 2379 423 2450 pigra
436 2379 557 2455 muniret
572 2383 662 2435 eastra
673 2378 804 2436 dolabra:

199 2476 245 2532 hio
260 2481 353 2532 tamen
368 2480 396 2531 et
411 2475 538 2533 Gimbros
552 2479 581 2532 et
595 2494 704 2532 summa
717 2473 839 2548 pericula
853 2494 943 2532 rerum

200 2572 310 2645 exeipit,
327 2577 356 2627 et
370 2571 445 2628 solus
459 2572 645 2644 trepidantem
659 2573 780 2645 protegit
794 2572 891 2628 urbem
903 2595 912 2647 3
1061 2599 1099 2637 250

200 2675 284 2742 atque
298 2669 367 2741 ideo,
383 2676 531 2743 postquam
546 2670 581 2727 ad
597 2669 723 2727 Gimbros
738 2675 912 2742 stragemque
927 2670 1059 2727 volabant

200 2768 248 2840 qui
262 2784 404 2839 nunquam
418 2767 571 2839 attigerant
584 2768 688 2823 maiora
702 2767 835 2823 cadavera
846 2768 927 2839 corvi,

200 2864 300 2922 nobilis
314 2869 429 2923 ornatur
441 2864 519 2920 lauro
534 2863 638 2936 collega
651 2864 779 2923 secunda.

200 3046 463 3106 widdo—Audito
476 3045 592 3109 plebeiae
603 3044 813 3107 Doea'r'sooraflood
829 3044 967 3093 tdoo'rlioes
976 3044 1100 3108 forthoir
1145 3055 1149 3059 “
1215 3113 1217 3128 Α

256 3125 466 3190 follow-solatione,
485 3123 559 3172 rodilo
576 3123 615 3171 the
633 3123 682 3171 lost
698 3123 759 3184 qood
769 3123 840 3184 <lotam
856 3137 908 3171 eoos
924 3122 984 3171 bora
993 3124 1066 3186 from
1083 3137 1100 3170 o

265 3203 319 3251 aluo
332 3239 337 3252 .

189 3311 328 3382 *Plebeiae
342 3322 491 3380 Deciorum
505 3322 623 3392 animae,
638 3320 746 3393 plebeia
759 3319 872 3377 fuerunt

200 3422 329 3479 nomina:
351 3437 401 3492 pro
415 3420 483 3475 totis
497 3417 651 3492 legionibus
666 3418 695 3474 hi
710 3423 803 3474 tamen
817 3424 846 3475 et
859 3436 909 3490 pro
1064 3442 1100 3479 255

394 3541 432 3580 239
445 3538 520 3579 monte
529 3539 552 3580 et
561 3538 629 3590 ponte
638 3540 658 3580 S.
669 3538 733 3590 gente
741 3549 763 3588 p.
775 3553 795 3579 a.
806 3549 866 3578 erosa
875 3538 899 3577 Ρα
