2484 3950
500 429 635 479 SATURA
654 429 696 479 111

148 576 236 633 alter:
258 581 289 631 at
303 575 347 631 hic
362 576 472 647 tignum
486 576 571 647 capiti
585 575 696 646 incutit,
711 574 759 631 ille
773 580 929 631 metretam.

148 673 268 745 Pinguia
282 690 362 729 crura
375 673 443 743 luto,
459 672 556 744 planta
569 690 636 731 mox
649 673 772 745 undiquc
786 690 888 745 magna

147 772 244 843 calcor,
260 776 290 828 et
303 773 332 828 in
347 771 436 844 digito
450 771 546 828 olavus
559 770 630 827 mihi
644 771 743 828 militis
757 772 860 829 haeret.

189 868 289 926 Nonne
303 868 381 925 vides
395 874 500 941 quanto
515 867 669 925 celebretur
682 869 808 941 sportula
821 869 918 928 fumol

147 972 260 1024 eentum
273 967 423 1038 convivae,
445 967 571 1038 sequitur
584 984 636 1022 sua
649 984 786 1039 quemque
801 967 900 1023 culina.
1011 1001 1023 1025 ι
1035 1001 1049 1026 0

149 1064 270 1122 Corbulo
284 1065 332 1121 vix
345 1064 431 1121 ferret
445 1069 490 1121 tot
503 1082 571 1120 vasa
584 1064 717 1137 ingentia,
733 1069 778 1121 tot
791 1082 835 1121 res

147 1162 292 1234 impositas
307 1162 400 1234 capiti,
417 1166 487 1234 quot
500 1167 575 1218 recto
589 1162 694 1218 vertice
708 1166 803 1234 portat

91 1333 94 1341 Ι
147 1259 274 1316 servulus
287 1259 385 1316 infelix
399 1264 428 1315 11
442 1277 525 1315 cursu
537 1258 657 1316 ventilat
670 1259 771 1331 ignem.

147 1357 319 1414 Scindentur
333 1357 442 1413 tunicae
456 1361 548 1413 sartae
562 1355 661 1414 modo:
682 1355 766 1429 longa
778 1363 903 1414 sentiscat

147 1472 254 1510 serraco
267 1454 397 1510 veniente
411 1454 494 1525 abies,
512 1459 597 1526 atque
610 1454 699 1510 altera
712 1454 810 1527 pinum

147 1550 274 1624 plaustra
287 1550 412 1622 vehunt3
433 1555 536 1607 nutant
551 1549 608 1606 alte
621 1550 777 1624 populoque
791 1552 950 1611 minantur:

148 1668 214 1705 nam
228 1650 252 1705 si
266 1649 414 1721 procubuit
428 1650 477 1722 qui
491 1667 558 1705 11111
572 1649 716 1723 Ligustica
729 1654 822 1722 portat

148 1747 215 1818 axis,
233 1751 262 1803 et
276 1762 403 1803 eversum
416 1746 491 1803 fudit
505 1764 588 1819 super
601 1747 714 1818 agmina
728 1752 861 1818 montem,

147 1844 215 1916 quid
229 1849 355 1916 superest
369 1862 384 1900 e
399 1843 577 1915 corporibus?
597 1844 659 1916 quis
673 1843 805 1915 membra,
822 1845 885 1916 quis
899 1863 961 1902 ossa

146 1941 273 1999 inveniti
314 1940 460 1998 Obtritum
473 1940 552 2014 vulgi
566 1941 639 2013 perit
653 1958 734 1999 omne
748 1940 866 1999 cadaver

145 2057 221 2096 more
236 2039 350 2096 animae.
395 2038 503 2095 Domus
517 2040 624 2096 interea
638 2057 733 2096 secura
746 2038 864 2113 patellas

145 2137 202 2193 iam
215 2136 293 2193 lavat
308 2143 337 2193 et
350 2137 437 2193 bucca
451 2136 573 2193 foculum
588 2138 700 2207 excitat,
717 2142 746 2194 et
759 2142 840 2194 sonat
853 2139 945 2195 unctis

145 2233 298 2306 striglibus,
312 2239 341 2290 et
355 2233 437 2306 pleno
453 2234 593 2306 componit
606 2234 695 2291 lintea
708 2240 797 2306 gutto.

145 2331 224 2387 Haeo
238 2330 312 2386 inter
326 2348 427 2403 pueros
440 2331 517 2388 varie
532 2336 732 2403 properantur:
754 2337 784 2388 at
797 2331 845 2389 ille

144 2428 201 2484 iam
215 2427 293 2484 sedet
306 2428 336 2483 in
350 2428 412 2500 ripa
425 2432 600 2500 taetrumque
615 2428 740 2484 novicius
754 2428 848 2485 horret

144 2525 296 2597 porthmea,
313 2543 362 2581 neo
376 2530 470 2598 sperat
485 2526 593 2582 caenosi
606 2525 726 2598 gurgitis
740 2524 835 2581 alnum

143 2622 241 2679 infelix
256 2622 407 2680 nechabet
423 2641 506 2695 quem
520 2624 645 2696 porrigat
659 2640 705 2679 ore
720 2623 858 2683 trientem.

144 2831 368 2884 rotatu-Teos
377 2832 442 2881 lbere
453 2834 476 2881 c's
485 2832 523 2881 1111
534 2834 629 2895 muger
637 2834 666 2894 of
673 2848 690 2880 u
702 2833 790 2881 1111111
801 2833 871 2890 bacol,
884 2848 913 2880 or
922 2848 940 2880 c
948 2833 1047 2881 dccccli-

207 2912 252 2973 c'op
256 2912 328 2973 from
339 2926 400 2972 epac
411 2912 537 2961 wicdows.

184 3027 299 3100 Respice
313 3046 386 3084 nuno
400 3028 454 3083 alia
468 3046 500 3084 ac
514 3029 624 3085 diversa
638 3029 760 3101 pericula
773 3029 880 3086 noctis:

142 3126 217 3198 quod
231 3126 354 3198 spatium
369 3126 451 3182 tectis
466 3126 640 3197 sublimibus,
657 3126 731 3183 unde
746 3126 886 3183 cerebrum

142 3228 217 3280 11111
231 3223 303 3294 ferit,
320 3224 448 3296 quotiens
463 3225 565 3280 rimosa
579 3229 607 3280 et
623 3229 702 3280 curta
715 3224 843 3280 fenestris
1010 3253 1048 3289 270

142 3338 211 3376 1111
224 3320 346 3393 cadunt,
368 3325 473 3391 quanto
487 3339 647 3392 percussum
662 3320 781 3392 pondere
795 3320 906 3391 signent

144 3421 173 3473 et
186 3415 300 3473 laedant
314 3417 427 3474 silicem.
471 3418 564 3474 Possis
578 3419 696 3489 ignavus
711 3414 807 3474 baberi
853 3451 855 3454 -

143 3518 173 3569 et
186 3513 274 3570 subiti
288 3532 368 3571 casus
383 3514 561 3586 improvidus,
578 3515 613 3571 ad
629 3533 725 3572 cenam
739 3514 763 3570 si

501 3644 502 3647 =
528 3616 663 3667 2191111

582 3687 599 3726 0
