2484 3950
498 301 634 353 SATURA
651 302 688 353 XI

136 446 193 502 iam
207 447 307 504 nimios
321 449 459 521 capitique
473 467 579 522 gram
623 449 699 506 Hinc
713 451 803 522 surgit
816 450 914 521 oraxis,

136 543 201 599 hinc
214 544 357 602 stomacho
370 546 460 604 vires:
481 564 547 603 uam
560 565 608 619 per
621 551 770 620 argenteus
783 546 847 618 illis,

136 640 236 698 anulus
249 642 278 698 in
293 641 381 715 digito
395 643 469 715 quod
483 643 594 701 ferreus

136 835 364 886 raulcu-Wct
379 851 418 885 mc
434 852 484 899 you
498 838 555 885 rutil
564 838 626 900 find
641 853 673 887 uo
689 839 778 901 obem
794 854 838 902 my
851 840 937 888 buccea
953 854 996 886 arc
1013 839 1043 899 cf

111 917 116 927 '
200 912 275 972 bow
297 912 316 961 I
334 912 395 961 bace
411 929 443 962 ew
465 915 566 962 trained
581 930 684 974 ccrccr;
706 931 750 977 my
765 921 875 965 ccrcactc
890 932 934 965 arc
950 916 1038 976 ample

200 995 304 1052 country
315 991 378 1052 luda,
386 990 460 1053 fresh
469 993 542 1055 srcm
559 991 625 1041 their
637 997 741 1055 ccumry
751 993 832 1042 banca
848 995 878 1042 iu
894 993 934 1042 the
950 1008 1037 1041 necun-

200 1069 274 1117 roim.

701 1163 775 1237 Ergo
789 1164 939 1236 superbum

136 1258 280 1314 convivam
295 1276 384 1331 caveo,
401 1260 450 1332 qui
462 1277 508 1317 me
522 1260 576 1317 sibi
590 1266 738 1334 comparet,
754 1267 784 1318 et
797 1279 841 1318 res
1002 1289 1038 1325 130

135 1355 253 1429 despicit
266 1357 387 1430 exiguas.
430 1357 510 1416 Adeo
523 1358 602 1416 nulla
614 1360 697 1416 uncia
710 1359 791 1416 uobis

135 1459 179 1510 est
193 1453 290 1525 eboris,
306 1472 357 1511 nec
370 1454 506 1527 tessellae,
522 1473 572 1513 nec
586 1455 707 1512 calculus
721 1474 756 1513 ex
769 1455 821 1513 hac

135 1551 253 1608 materia
263 1573 269 1609 :
291 1552 359 1624 quin
372 1553 434 1625 ipsa
446 1553 593 1610 manubria
606 1553 781 1611 cultellorum

135 1667 229 1707 ossea:
251 1667 306 1706 nou
320 1655 415 1707 tamen
428 1650 473 1707 his
487 1650 545 1708 ulla
558 1670 692 1723 umquam
707 1652 820 1724 opsonia
833 1652 905 1709 fiunt

135 1747 285 1819 rancidula,
301 1752 352 1804 aut
366 1748 428 1806 ideo
441 1748 518 1822 peior
530 1749 636 1822 gallina
649 1755 765 1808 secatur.

136 1844 192 1902 Sed
205 1863 256 1903 uec
269 1850 391 1903 structor
405 1847 467 1918 erit,
482 1847 527 1904 cui
542 1847 637 1905 cedere
651 1847 751 1906 debeat
765 1849 855 1906 omnis

134 1943 256 2017 pergula,
272 1943 424 2018 discipulus
439 1945 573 2020 Trypheri
587 1945 715 2019 doctoris,
731 1946 805 2022 apud
820 1966 902 2021 quem

135 2044 243 2100 sumine
257 2061 320 2100 cum
332 2062 434 2118 magno
447 2045 534 2118 lepus,
550 2051 636 2119 atque
649 2064 723 2119 aper,
739 2050 768 2103 et
782 2064 927 2120 pygargus,

135 2145 165 2197 et
179 2140 325 2212 Scythicae
339 2142 471 2215 volucres,
487 2148 516 2200 et
530 2143 759 2217 phoenicopterus
773 2144 879 2217 iugens,

135 2243 165 2295 et
179 2237 315 2296 Gaetulus
329 2258 405 2313 oryx,
421 2240 516 2298 hebeti
529 2240 687 2298 lautissima
701 2241 773 2298 ferro

135 2336 266 2410 caeditur,
283 2342 312 2394 et
326 2343 388 2395 tcta
401 2343 482 2396 sonat
496 2338 589 2396 ulmea
602 2357 670 2397 cena
684 2338 801 2397 Subura

136 2434 197 2491 Nec
210 2435 332 2493 frustum
345 2454 458 2510 capreae
471 2436 631 2509 subducere,
647 2455 698 2495 nec
710 2437 785 2494 latus
800 2437 886 2495 Afrae

135 2534 215 2590 novit
229 2533 289 2590 avis
303 2539 404 2606 noster,
421 2534 576 2593 tirunculus
590 2553 623 2592 ac
637 2534 713 2592 rudis
727 2535 803 2592 omni

136 2636 267 2703 tempore,
283 2636 313 2688 et
327 2631 441 2704 exiguae
455 2632 539 2689 firrtis
552 2632 678 2689 imbutus
693 2632 798 2691 ofellae.

136 2727 263 2785 Plebeios
276 2728 374 2785 calices
387 2734 417 2786 et
430 2730 525 2802 paucis
539 2729 647 2787 assibus
662 2735 769 2805 emptos

135 2826 258 2899 porriget
271 2825 393 2883 incultus
407 2844 476 2900 puer
489 2832 574 2900 atque
587 2846 605 2884 a
617 2827 719 2901 frigore
734 2832 832 2902 tutus;

135 2940 192 2980 non
206 2921 302 2994 Phryx
315 2928 365 2980 aut
380 2923 490 2997 Lycius,
506 2943 562 2982 non
576 2944 593 2982 a
605 2943 742 2999 mangone
756 2928 862 3000 petitus

135 3020 284 3093 quisquam
298 3021 369 3092 erit,
389 3022 419 3078 in
433 3039 534 3095 magno
548 3041 611 3079 euru
625 3042 728 3096 posces,
744 3041 824 3095 posce
839 3024 948 3081 Latine.

135 3117 217 3175 Idem
229 3117 343 3175 habitus
357 3120 471 3192 cunctis,
488 3120 562 3177 tonsi
575 3121 699 3193 rectique
713 3120 814 3194 capilli,

135 3220 220 3287 atque
234 3213 317 3272 hodie
331 3219 443 3272 tantum
457 3222 570 3290 propter
583 3218 712 3274 convivia
724 3218 794 3291 pexi

136 3313 261 3368 Pastoris
275 3311 337 3368 duri
351 3318 394 3370 est
407 3313 453 3370 hic
467 3314 549 3387 filius,
565 3314 612 3372 ille
627 3314 757 3374 bubulci:

135 3411 258 3483 suspirat
271 3409 354 3483 longo
367 3428 423 3468 nou
437 3411 526 3468 visam
541 3416 665 3485 tempure
679 3419 797 3470 matrem

250 3514 288 3555 1³0
300 3513 413 3565 comparat
421 3529 441 3556 a
575 3518 613 3556 148
625 3516 649 3557 tn
658 3526 736 3568 magno
745 3517 769 3560 P.
780 3516 804 3558 ot
812 3527 891 3569 magno
899 3531 919 3556 a.
