2484 3950
509 303 643 355 SATURA
662 304 686 353 X

149 452 192 509 Ut
206 453 319 524 vigeant
333 469 429 509 sensus
443 452 536 524 animi,
552 451 678 508 ducenda
691 456 785 508 tamen
799 458 865 508 sunt

148 552 246 607 funera
259 555 395 621 natorum,
411 567 494 621 rogus
507 549 680 622 aspiciendus
693 554 802 606 amatae

149 648 272 719 coniugis
285 652 315 705 et
328 647 422 703 fiatris
436 647 587 720 plenaeque
600 647 739 703 sororibus
753 665 846 704 urnae.

150 745 228 802 Haec
242 745 309 801 data
321 763 410 817 poena
423 744 473 801 diu
485 745 653 816 viventibus,
669 748 702 801 ut
716 750 848 801 renovata

148 862 256 917 semper
269 844 345 901 clade
359 844 465 916 domus,
481 843 578 900 multis
592 844 621 898 in
635 842 757 900 luctibus
770 843 854 916 inque

148 948 281 1015 perpetuo
296 959 416 998 maerore
431 946 460 998 et
474 941 553 1012 nigra
566 945 644 997 reste
658 944 809 998 senescant.
1011 969 1048 1005 245

149 1148 393 1199 actosa-Nestor
417 1149 483 1197 liocd
506 1153 530 1196 to
551 1162 643 1196 occurit
665 1146 822 1207 Antilochus,
847 1147 934 1196 Peliaca
955 1152 978 1196 to
1002 1148 1048 1196 loce

213 1227 331 1277 Achillas.

149 1344 211 1402 Rex
224 1345 328 1417 Pylius,
344 1362 445 1417 magno
458 1344 483 1400 si
497 1344 649 1416 quidquam
663 1343 750 1400 credis
764 1342 894 1415 Homero,

149 1442 306 1516 exemplum
319 1443 394 1499 vitae
408 1442 464 1498 fuit
477 1460 495 1498 a
508 1442 613 1498 cornice
627 1441 769 1498 secundae.

150 1540 229 1597 Felix
242 1540 380 1612 nimirum,
397 1541 445 1612 qui
459 1544 503 1595 tot
517 1557 565 1611 per
578 1538 687 1596 saecula
701 1543 818 1596 mortem

149 1637 260 1694 distulit
274 1642 357 1709 atque
372 1654 436 1693 suos
449 1637 505 1692 iam
519 1636 617 1693 dextra
631 1640 881 1708 computatam,

149 1734 251 1806 quique
264 1752 368 1790 novum
382 1734 485 1790 totiens
499 1737 623 1789 mustum
637 1733 718 1792 bibit.
762 1732 817 1789 Oro
831 1752 979 1807 parumper
1011 1761 1049 1799 250

149 1832 285 1904 attendas,
302 1837 439 1904 quantum
454 1831 488 1888 de
501 1831 609 1904 legibus
623 1832 682 1904 ipse
696 1837 829 1904 queratur

149 1930 270 1987 fatorum
284 1935 313 1988 et
327 1930 412 1987 nimio
426 1929 461 1987 de
474 1930 601 1999 stamine,
617 1947 681 1987 cum
694 1930 772 1987 videt
786 1931 856 1988 acris

149 2027 292 2085 Antilochi
305 2027 421 2084 barbam
434 2027 597 2099 ardentem,
618 2046 680 2084 cum
695 2029 803 2100 quaerit
816 2028 852 2085 ab
867 2029 949 2101 omni,

149 2126 275 2199 quisquis
287 2125 368 2182 adest
381 2125 479 2198 socius,
495 2144 543 2181 cur
556 2125 624 2183 haec
638 2126 667 2181 111
681 2131 806 2199 tempora
819 2127 908 2198 duret,

149 2223 224 2296 quod
237 2223 344 2279 facinus
357 2222 473 2295 dignum
487 2227 547 2280 tam
561 2223 643 2295 longo
658 2223 802 2281 admiserit
816 2225 903 2281 acroi
1013 2254 1049 2292 2⁵5

150 2322 228 2378 Haec
242 2321 338 2378 eadem
352 2321 460 2392 Peleus,
476 2326 588 2393 raptum
603 2340 666 2378 cum
680 2322 757 2395 luget
770 2323 917 2394 Achillem,

150 2424 234 2492 atque
248 2419 327 2490 alius,
344 2420 388 2475 cui
401 2419 444 2476 fas
458 2418 588 2476 Ithacum
601 2420 695 2493 lugere
710 2426 861 2479 natantem.

152 2625 391 2678 assata-Precor
398 2626 478 2689 miqht
488 2626 549 2675 hooc
559 2627 617 2675 duct
628 2626 753 2676 tcomorcd
761 2628 814 2676 aod
824 2628 914 2690 happy,
925 2629 953 2691 c'f
959 2627 989 2677 111
999 2628 1051 2677 dod

215 2710 257 2754 aot
274 2706 341 2754 liocd
355 2719 381 2753 so
398 2705 455 2767 loco
461 2723 473 2764 ;
489 2705 591 2754 Hccccto
601 2706 681 2769 miptt
695 2707 756 2755 hooc
767 2707 825 2756 dicct
833 2722 850 2754 a
861 2722 967 2768 morcon,
980 2711 1023 2756 oct
1034 2721 1052 2754 o

215 2783 267 2847 dou.

152 2900 290 2958 Incolumi
303 2900 385 2958 Troia
399 2900 527 2957 Priamus
540 2902 661 2958 venisset
674 2902 710 2959 ad
724 2903 836 2960 umbras
855 2967 859 2971 ,

152 2997 288 3068 Assaraci,
304 2998 412 3069 magnis
426 2997 615 3069 sollemnibus,
631 2998 752 3056 Hectore
765 3000 850 3057 funus

153 3098 282 3166 portante
296 3111 328 3150 ac
341 3094 454 3166 reliquis
468 3094 587 3152 fratrum
601 3096 753 3153 cervicibus
766 3098 839 3154 inter
1015 3115 1053 3154 260

154 3191 277 3248 Iliadum
290 3190 425 3262 lacrimas,
441 3196 474 3249 ut
488 3193 591 3263 primos
605 3192 685 3249 edere
698 3192 825 3265 planctus

154 3288 311 3347 Cassandra
324 3289 456 3362 inciperet
470 3290 609 3362 scissaque
623 3290 765 3364 Polyxena
777 3292 859 3365 palla,

154 3388 178 3445 si
191 3385 264 3444 ioret
277 3388 430 3444 exstinctus
445 3388 553 3445 diverso
568 3393 698 3462 tempore,
714 3407 769 3462 quo
782 3409 837 3447 nou

154 3489 281 3557 coeperat
295 3484 411 3542 audaces
426 3485 506 3542 Paris
519 3486 663 3545 1111111111
677 3488 790 3546 carinas.

595 3610 611 3649 P
